ISA*00*          *00*          *ZZ*GUILDNET       *ZZ*SUNNYSIDEGN    *130820*1005*^*00501*000172213*0*P*:~GS*HP*GUILDNET*SUNNYSIDEGN*20130820*1005*1*X*005010X221A1~ST*835*00001~BPR*I*10038.92*C*CHK************20130822~TRN*1*215667*1999999999~DTM*405*20130820~N1*PR*GuildNet Gold Medicare Advantage SNP*XV*H6864~N3*15 West 65th St.~N4*New York*NY*10023~PER*CX*Geri Taylor*TE*2127697857~PER*BL*Geri Taylor*TE*2127697857~N1*PE*Sunnyside Citywide Home*FI*113502051~N3*43-31 39th Street~N4*Sunnyside*NY*11104~LX*1~CLP*2524430012006118*1*94.56*94.56**16*0802201303101~NM1*QC*1*Ali*Amrunissa****MI*93703296700~NM1*82*2*Sunnyside Citywide Home Care Services*****XX*1154407492~DTM*232*20130720~DTM*233*20130720~DTM*050*20130801~AMT*AU*94.56~SVC*HC:S5125*94.56*94.56*0572*24~DTM*472*20130720~AMT*B6*94.56~CLP*2524430012006118*1*141.84*141.84**16*0802201303102~NM1*QC*1*Ali*Amrunissa****MI*93703296700~NM1*82*2*Sunnyside Citywide Home Care Services*****XX*1154407492~DTM*232*20130722~DTM*233*20130722~DTM*050*20130801~AMT*AU*141.84~SVC*HC:S5125*141.84*141.84*0572*36~DTM*472*20130722~AMT*B6*141.84~CLP*2524430012006118*1*141.84*141.84**16*0802201303103~NM1*QC*1*Ali*Amrunissa****MI*93703296700~NM1*82*2*Sunnyside Citywide Home Care Services*****XX*1154407492~DTM*232*20130723~DTM*233*20130723~DTM*050*20130801~AMT*AU*141.84~SVC*HC:S5125*141.84*141.84*0572*36~DTM*472*20130723~AMT*B6*141.84~CLP*2524430012006118*1*141.84*141.84**16*0802201303104~NM1*QC*1*Ali*Amrunissa****MI*93703296700~NM1*82*2*Sunnyside Citywide Home Care Services*****XX*1154407492~DTM*232*20130724~DTM*233*20130724~DTM*050*20130801~AMT*AU*141.84~SVC*HC:S5125*141.84*141.84*0572*36~DTM*472*20130724~AMT*B6*141.84~CLP*2524430012006118*1*141.84*141.84**16*0802201303105~NM1*QC*1*Ali*Amrunissa****MI*93703296700~NM1*82*2*Sunnyside Citywide Home Care Services*****XX*1154407492~DTM*232*20130725~DTM*233*20130725~DTM*050*20130801~AMT*AU*141.84~SVC*HC:S5125*141.84*141.84*0572*36~DTM*472*20130725~AMT*B6*141.84~CLP*2524430012006118*1*141.84*141.84**16*0802201303106~NM1*QC*1*Ali*Amrunissa****MI*93703296700~NM1*82*2*Sunnyside Citywide Home Care Services*****XX*1154407492~DTM*232*20130726~DTM*233*20130726~DTM*050*20130801~AMT*AU*141.84~SVC*HC:S5125*141.84*141.84*0572*36~DTM*472*20130726~AMT*B6*141.84~CLP*2524520012011960*1*70.92*70.92**16*0802201303147~NM1*QC*1*Bustamente*Gabriel****MI*93702523200~NM1*82*2*Sunnyside Citywide Home Care Services*****XX*1154407492~DTM*232*20130720~DTM*233*20130720~DTM*050*20130801~AMT*AU*70.92~SVC*HC:S5125*70.92*70.92*0572*18~DTM*472*20130720~AMT*B6*70.92~CLP*2524520012011960*1*78.8*78.8**16*0802201303148~NM1*QC*1*Bustamente*Gabriel****MI*93702523200~NM1*82*2*Sunnyside Citywide Home Care Services*****XX*1154407492~DTM*232*20130722~DTM*233*20130722~DTM*050*20130801~AMT*AU*78.8~SVC*HC:S5125*78.8*78.8*0572*20~DTM*472*20130722~AMT*B6*78.8~CLP*2524520012011960*1*78.8*78.8**16*0802201303149~NM1*QC*1*Bustamente*Gabriel****MI*93702523200~NM1*82*2*Sunnyside Citywide Home Care Services*****XX*1154407492~DTM*232*20130723~DTM*233*20130723~DTM*050*20130801~AMT*AU*78.8~SVC*HC:S5125*78.8*78.8*0572*20~DTM*472*20130723~AMT*B6*78.8~CLP*2524520012011960*1*78.8*78.8**16*0802201303150~NM1*QC*1*Bustamente*Gabriel****MI*93702523200~NM1*82*2*Sunnyside Citywide Home Care Services*****XX*1154407492~DTM*232*20130724~DTM*233*20130724~DTM*050*20130801~AMT*AU*78.8~SVC*HC:S5125*78.8*78.8*0572*20~DTM*472*20130724~AMT*B6*78.8~CLP*2524520012011960*1*78.8*78.8**16*0802201303151~NM1*QC*1*Bustamente*Gabriel****MI*93702523200~NM1*82*2*Sunnyside Citywide Home Care Services*****XX*1154407492~DTM*232*20130725~DTM*233*20130725~DTM*050*20130801~AMT*AU*78.8~SVC*HC:S5125*78.8*78.8*0572*20~DTM*472*20130725~AMT*B6*78.8~CLP*2524520012011960*1*78.8*78.8**16*0802201303152~NM1*QC*1*Bustamente*Gabriel****MI*93702523200~NM1*82*2*Sunnyside Citywide Home Care Services*****XX*1154407492~DTM*232*20130726~DTM*233*20130726~DTM*050*20130801~AMT*AU*78.8~SVC*HC:S5125*78.8*78.8*0572*20~DTM*472*20130726~AMT*B6*78.8~CLP*2524600012002769*1*94.56*94.56**16*0802201303178~NM1*QC*1*Cepeda*Tomasa****MI*93700964900~NM1*82*2*Sunnyside Citywide Home Care Services*****XX*1154407492~DTM*232*20130722~DTM*233*20130722~DTM*050*20130801~AMT*AU*94.56~SVC*HC:S5125*94.56*94.56*0572*24~DTM*472*20130722~AMT*B6*94.56~CLP*2524600012002769*1*94.56*94.56**16*0802201303179~NM1*QC*1*Cepeda*Tomasa****MI*93700964900~NM1*82*2*Sunnyside Citywide Home Care Services*****XX*1154407492~DTM*232*20130723~DTM*233*20130723~DTM*050*20130801~AMT*AU*94.56~SVC*HC:S5125*94.56*94.56*0572*24~DTM*472*20130723~AMT*B6*94.56~CLP*2524600012002769*1*94.56*94.56**16*0802201303180~NM1*QC*1*Cepeda*Tomasa****MI*93700964900~NM1*82*2*Sunnyside Citywide Home Care Services*****XX*1154407492~DTM*232*20130724~DTM*233*20130724~DTM*050*20130801~AMT*AU*94.56~SVC*HC:S5125*94.56*94.56*0572*24~DTM*472*20130724~AMT*B6*94.56~CLP*2524600012002769*1*78.8*78.8**16*0802201303181~NM1*QC*1*Cepeda*Tomasa****MI*93700964900~NM1*82*2*Sunnyside Citywide Home Care Services*****XX*1154407492~DTM*232*20130725~DTM*233*20130725~DTM*050*20130801~AMT*AU*78.8~SVC*HC:S5125*78.8*78.8*0572*20~DTM*472*20130725~AMT*B6*78.8~CLP*2524600012002769*1*78.8*78.8**16*0802201303182~NM1*QC*1*Cepeda*Tomasa****MI*93700964900~NM1*82*2*Sunnyside Citywide Home Care Services*****XX*1154407492~DTM*232*20130726~DTM*233*20130726~DTM*050*20130801~AMT*AU*78.8~SVC*HC:S5125*78.8*78.8*0572*20~DTM*472*20130726~AMT*B6*78.8~CLP*2525140012011848*1*63.04*63.04**16*0802201303478~NM1*QC*1*Lanzilotta*Rosa****MI*93702509600~NM1*82*2*Sunnyside Citywide Home Care Services*****XX*1154407492~DTM*232*20130721~DTM*233*20130721~DTM*050*20130801~AMT*AU*63.04~SVC*HC:S5125*63.04*63.04*0572*16~DTM*472*20130721~AMT*B6*63.04~CLP*2525140012011848*1*126.08*126.08**16*0802201303479~NM1*QC*1*Lanzilotta*Rosa****MI*93702509600~NM1*82*2*Sunnyside Citywide Home Care Services*****XX*1154407492~DTM*232*20130722~DTM*233*20130722~DTM*050*20130801~AMT*AU*126.08~SVC*HC:S5125*126.08*126.08*0572*32~DTM*472*20130722~AMT*B6*126.08~CLP*2525140012011848*1*126.08*126.08**16*0802201303480~NM1*QC*1*Lanzilotta*Rosa****MI*93702509600~NM1*82*2*Sunnyside Citywide Home Care Services*****XX*1154407492~DTM*232*20130723~DTM*233*20130723~DTM*050*20130801~AMT*AU*126.08~SVC*HC:S5125*126.08*126.08*0572*32~DTM*472*20130723~AMT*B6*126.08~CLP*2525140012011848*1*126.08*126.08**16*0802201303481~NM1*QC*1*Lanzilotta*Rosa****MI*93702509600~NM1*82*2*Sunnyside Citywide Home Care Services*****XX*1154407492~DTM*232*20130724~DTM*233*20130724~DTM*050*20130801~AMT*AU*126.08~SVC*HC:S5125*126.08*126.08*0572*32~DTM*472*20130724~AMT*B6*126.08~CLP*2525140012011848*1*126.08*126.08**16*0802201303482~NM1*QC*1*Lanzilotta*Rosa****MI*93702509600~NM1*82*2*Sunnyside Citywide Home Care Services*****XX*1154407492~DTM*232*20130725~DTM*233*20130725~DTM*050*20130801~AMT*AU*126.08~SVC*HC:S5125*126.08*126.08*0572*32~DTM*472*20130725~AMT*B6*126.08~CLP*2525140012011848*1*126.08*126.08**16*0802201303483~NM1*QC*1*Lanzilotta*Rosa****MI*93702509600~NM1*82*2*Sunnyside Citywide Home Care Services*****XX*1154407492~DTM*232*20130726~DTM*233*20130726~DTM*050*20130801~AMT*AU*126.08~SVC*HC:S5125*126.08*126.08*0572*32~DTM*472*20130726~AMT*B6*126.08~CLP*2525210012011845*1*63.04*63.04**16*0802201303523~NM1*QC*1*Lugo*Dolores****MI*93702878100~NM1*82*2*Sunnyside Citywide Home Care Services*****XX*1154407492~DTM*232*20130709~DTM*233*20130709~DTM*050*20130801~AMT*AU*63.04~SVC*HC:S5125*63.04*63.04*0572*16~DTM*472*20130709~AMT*B6*63.04~CLP*2525210012011845*1*63.04*63.04**16*0802201303524~NM1*QC*1*Lugo*Dolores****MI*93702878100~NM1*82*2*Sunnyside Citywide Home Care Services*****XX*1154407492~DTM*232*20130710~DTM*233*20130710~DTM*050*20130801~AMT*AU*63.04~SVC*HC:S5125*63.04*63.04*0572*16~DTM*472*20130710~AMT*B6*63.04~CLP*2525210012011845*1*63.04*63.04**16*0802201303525~NM1*QC*1*Lugo*Dolores****MI*93702878100~NM1*82*2*Sunnyside Citywide Home Care Services*****XX*1154407492~DTM*232*20130723~DTM*233*20130723~DTM*050*20130801~AMT*AU*63.04~SVC*HC:S5125*63.04*63.04*0572*16~DTM*472*20130723~AMT*B6*63.04~CLP*2525210012011845*1*63.04*63.04**16*0802201303526~NM1*QC*1*Lugo*Dolores****MI*93702878100~NM1*82*2*Sunnyside Citywide Home Care Services*****XX*1154407492~DTM*232*20130724~DTM*233*20130724~DTM*050*20130801~AMT*AU*63.04~SVC*HC:S5125*63.04*63.04*0572*16~DTM*472*20130724~AMT*B6*63.04~CLP*2525210012011845*1*63.04*63.04**16*0802201303527~NM1*QC*1*Lugo*Dolores****MI*93702878100~NM1*82*2*Sunnyside Citywide Home Care Services*****XX*1154407492~DTM*232*20130725~DTM*233*20130725~DTM*050*20130801~AMT*AU*63.04~SVC*HC:S5125*63.04*63.04*0572*16~DTM*472*20130725~AMT*B6*63.04~CLP*2525290012011965*1*94.56*94.56**16*0802201303576~NM1*QC*1*Mateo*Rafael****MI*93704189600~NM1*82*2*Sunnyside Citywide Home Care Services*****XX*1154407492~DTM*232*20130720~DTM*233*20130720~DTM*050*20130801~AMT*AU*94.56~SVC*HC:S5125*94.56*94.56*0572*24~DTM*472*20130720~AMT*B6*94.56~CLP*2525290012011965*1*110.32*110.32**16*0802201303577~NM1*QC*1*Mateo*Rafael****MI*93704189600~NM1*82*2*Sunnyside Citywide Home Care Services*****XX*1154407492~DTM*232*20130722~DTM*233*20130722~DTM*050*20130801~AMT*AU*110.32~SVC*HC:S5125*110.32*110.32*0572*28~DTM*472*20130722~AMT*B6*110.32~CLP*2525290012011965*1*110.32*110.32**16*0802201303578~NM1*QC*1*Mateo*Rafael****MI*93704189600~NM1*82*2*Sunnyside Citywide Home Care Services*****XX*1154407492~DTM*232*20130723~DTM*233*20130723~DTM*050*20130801~AMT*AU*110.32~SVC*HC:S5125*110.32*110.32*0572*28~DTM*472*20130723~AMT*B6*110.32~CLP*2525290012011965*1*110.32*110.32**16*0802201303579~NM1*QC*1*Mateo*Rafael****MI*93704189600~NM1*82*2*Sunnyside Citywide Home Care Services*****XX*1154407492~DTM*232*20130724~DTM*233*20130724~DTM*050*20130801~AMT*AU*110.32~SVC*HC:S5125*110.32*110.32*0572*28~DTM*472*20130724~AMT*B6*110.32~CLP*2525290012011965*1*110.32*110.32**16*0802201303580~NM1*QC*1*Mateo*Rafael****MI*93704189600~NM1*82*2*Sunnyside Citywide Home Care Services*****XX*1154407492~DTM*232*20130725~DTM*233*20130725~DTM*050*20130801~AMT*AU*110.32~SVC*HC:S5125*110.32*110.32*0572*28~DTM*472*20130725~AMT*B6*110.32~CLP*2525290012011965*1*126.08*126.08**16*0802201303581~NM1*QC*1*Mateo*Rafael****MI*93704189600~NM1*82*2*Sunnyside Citywide Home Care Services*****XX*1154407492~DTM*232*20130726~DTM*233*20130726~DTM*050*20130801~AMT*AU*126.08~SVC*HC:S5125*126.08*126.08*0572*32~DTM*472*20130726~AMT*B6*126.08~CLP*2525490012011916*1*110.32*110.32**16*0802201303688~NM1*QC*1*Ortiz*Anthony****MI*93700799800~NM1*82*2*Sunnyside Citywide Home Care Services*****XX*1154407492~DTM*232*20130720~DTM*233*20130720~DTM*050*20130801~AMT*AU*110.32~SVC*HC:S5125*110.32*110.32*0572*28~DTM*472*20130720~AMT*B6*110.32~CLP*2525490012011916*1*110.32*110.32**16*0802201303689~NM1*QC*1*Ortiz*Anthony****MI*93700799800~NM1*82*2*Sunnyside Citywide Home Care Services*****XX*1154407492~DTM*232*20130722~DTM*233*20130722~DTM*050*20130801~AMT*AU*110.32~SVC*HC:S5125*110.32*110.32*0572*28~DTM*472*20130722~AMT*B6*110.32~CLP*2525490012011916*1*110.32*110.32**16*0802201303690~NM1*QC*1*Ortiz*Anthony****MI*93700799800~NM1*82*2*Sunnyside Citywide Home Care Services*****XX*1154407492~DTM*232*20130723~DTM*233*20130723~DTM*050*20130801~AMT*AU*110.32~SVC*HC:S5125*110.32*110.32*0572*28~DTM*472*20130723~AMT*B6*110.32~CLP*2525490012011916*1*110.32*110.32**16*0802201303691~NM1*QC*1*Ortiz*Anthony****MI*93700799800~NM1*82*2*Sunnyside Citywide Home Care Services*****XX*1154407492~DTM*232*20130724~DTM*233*20130724~DTM*050*20130801~AMT*AU*110.32~SVC*HC:S5125*110.32*110.32*0572*28~DTM*472*20130724~AMT*B6*110.32~CLP*2525490012011916*1*110.32*110.32**16*0802201303692~NM1*QC*1*Ortiz*Anthony****MI*93700799800~NM1*82*2*Sunnyside Citywide Home Care Services*****XX*1154407492~DTM*232*20130725~DTM*233*20130725~DTM*050*20130801~AMT*AU*110.32~SVC*HC:S5125*110.32*110.32*0572*28~DTM*472*20130725~AMT*B6*110.32~CLP*2525490012011916*1*110.32*110.32**16*0802201303693~NM1*QC*1*Ortiz*Anthony****MI*93700799800~NM1*82*2*Sunnyside Citywide Home Care Services*****XX*1154407492~DTM*232*20130726~DTM*233*20130726~DTM*050*20130801~AMT*AU*110.32~SVC*HC:S5125*110.32*110.32*0572*28~DTM*472*20130726~AMT*B6*110.32~CLP*2525600012009232*1*94.56*94.56**16*0802201303752~NM1*QC*1*Perez*Maria****MI*93703475500~NM1*82*2*Sunnyside Citywide Home Care Services*****XX*1154407492~DTM*232*20130722~DTM*233*20130722~DTM*050*20130801~AMT*AU*94.56~SVC*HC:T1019*94.56*94.56*0572*24~DTM*472*20130722~AMT*B6*94.56~CLP*2525600012009232*1*94.56*94.56**16*0802201303753~NM1*QC*1*Perez*Maria****MI*93703475500~NM1*82*2*Sunnyside Citywide Home Care Services*****XX*1154407492~DTM*232*20130723~DTM*233*20130723~DTM*050*20130801~AMT*AU*94.56~SVC*HC:T1019*94.56*94.56*0572*24~DTM*472*20130723~AMT*B6*94.56~CLP*2525600012009232*1*94.56*94.56**16*0802201303754~NM1*QC*1*Perez*Maria****MI*93703475500~NM1*82*2*Sunnyside Citywide Home Care Services*****XX*1154407492~DTM*232*20130724~DTM*233*20130724~DTM*050*20130801~AMT*AU*94.56~SVC*HC:T1019*94.56*94.56*0572*24~DTM*472*20130724~AMT*B6*94.56~CLP*2525600012009232*1*94.56*94.56**16*0802201303755~NM1*QC*1*Perez*Maria****MI*93703475500~NM1*82*2*Sunnyside Citywide Home Care Services*****XX*1154407492~DTM*232*20130725~DTM*233*20130725~DTM*050*20130801~AMT*AU*94.56~SVC*HC:T1019*94.56*94.56*0572*24~DTM*472*20130725~AMT*B6*94.56~CLP*2525600012009232*1*94.56*94.56**16*0802201303756~NM1*QC*1*Perez*Maria****MI*93703475500~NM1*82*2*Sunnyside Citywide Home Care Services*****XX*1154407492~DTM*232*20130726~DTM*233*20130726~DTM*050*20130801~AMT*AU*94.56~SVC*HC:T1019*94.56*94.56*0572*24~DTM*472*20130726~AMT*B6*94.56~CLP*2525630012002109*1*83.8*83.8**16*0802201303765~NM1*QC*1*Proano*Alicia****MI*93700845900~NM1*82*2*Sunnyside Citywide Home Care Services*****XX*1154407492~DTM*232*20130620~DTM*233*20130620~DTM*050*20130801~AMT*AU*83.8~SVC*HC:S5125:TT*83.8*83.8*0572*20~DTM*472*20130620~AMT*B6*83.8~CLP*2525630012002109*1*83.8*83.8**16*0802201303766~NM1*QC*1*Proano*Alicia****MI*93700845900~NM1*82*2*Sunnyside Citywide Home Care Services*****XX*1154407492~DTM*232*20130708~DTM*233*20130708~DTM*050*20130801~AMT*AU*83.8~SVC*HC:S5125:TT*83.8*83.8*0572*20~DTM*472*20130708~AMT*B6*83.8~CLP*2525630012002109*1*83.8*83.8**16*0802201303767~NM1*QC*1*Proano*Alicia****MI*93700845900~NM1*82*2*Sunnyside Citywide Home Care Services*****XX*1154407492~DTM*232*20130720~DTM*233*20130720~DTM*050*20130801~AMT*AU*83.8~SVC*HC:S5125:TT*83.8*83.8*0572*20~DTM*472*20130720~AMT*B6*83.8~CLP*2525630012002109*1*83.8*83.8**16*0802201303768~NM1*QC*1*Proano*Alicia****MI*93700845900~NM1*82*2*Sunnyside Citywide Home Care Services*****XX*1154407492~DTM*232*20130721~DTM*233*20130721~DTM*050*20130801~AMT*AU*83.8~SVC*HC:S5125:TT*83.8*83.8*0572*20~DTM*472*20130721~AMT*B6*83.8~CLP*2525630012002109*1*83.8*83.8**16*0802201303769~NM1*QC*1*Proano*Alicia****MI*93700845900~NM1*82*2*Sunnyside Citywide Home Care Services*****XX*1154407492~DTM*232*20130722~DTM*233*20130722~DTM*050*20130801~AMT*AU*83.8~SVC*HC:S5125:TT*83.8*83.8*0572*20~DTM*472*20130722~AMT*B6*83.8~CLP*2525630012002109*1*83.8*83.8**16*0802201303770~NM1*QC*1*Proano*Alicia****MI*93700845900~NM1*82*2*Sunnyside Citywide Home Care Services*****XX*1154407492~DTM*232*20130723~DTM*233*20130723~DTM*050*20130801~AMT*AU*83.8~SVC*HC:S5125:TT*83.8*83.8*0572*20~DTM*472*20130723~AMT*B6*83.8~CLP*2525630012002109*1*83.8*83.8**16*0802201303771~NM1*QC*1*Proano*Alicia****MI*93700845900~NM1*82*2*Sunnyside Citywide Home Care Services*****XX*1154407492~DTM*232*20130724~DTM*233*20130724~DTM*050*20130801~AMT*AU*83.8~SVC*HC:S5125:TT*83.8*83.8*0572*20~DTM*472*20130724~AMT*B6*83.8~CLP*2525630012002109*1*83.8*83.8**16*0802201303772~NM1*QC*1*Proano*Alicia****MI*93700845900~NM1*82*2*Sunnyside Citywide Home Care Services*****XX*1154407492~DTM*232*20130726~DTM*233*20130726~DTM*050*20130801~AMT*AU*83.8~SVC*HC:S5125:TT*83.8*83.8*0572*20~DTM*472*20130726~AMT*B6*83.8~CLP*2525920012011859*1*110.32*110.32**16*0802201303941~NM1*QC*1*Santiago*Iveth****MI*93703401100~NM1*82*2*Sunnyside Citywide Home Care Services*****XX*1154407492~DTM*232*20130720~DTM*233*20130720~DTM*050*20130801~AMT*AU*110.32~SVC*HC:S5125*110.32*110.32*0572*28~DTM*472*20130720~AMT*B6*110.32~CLP*2525920012011859*1*110.32*110.32**16*0802201303942~NM1*QC*1*Santiago*Iveth****MI*93703401100~NM1*82*2*Sunnyside Citywide Home Care Services*****XX*1154407492~DTM*232*20130721~DTM*233*20130721~DTM*050*20130801~AMT*AU*110.32~SVC*HC:S5125*110.32*110.32*0572*28~DTM*472*20130721~AMT*B6*110.32~CLP*2525920012011859*1*110.32*110.32**16*0802201303943~NM1*QC*1*Santiago*Iveth****MI*93703401100~NM1*82*2*Sunnyside Citywide Home Care Services*****XX*1154407492~DTM*232*20130722~DTM*233*20130722~DTM*050*20130801~AMT*AU*110.32~SVC*HC:S5125*110.32*110.32*0572*28~DTM*472*20130722~AMT*B6*110.32~CLP*2525920012011859*1*110.32*110.32**16*0802201303944~NM1*QC*1*Santiago*Iveth****MI*93703401100~NM1*82*2*Sunnyside Citywide Home Care Services*****XX*1154407492~DTM*232*20130723~DTM*233*20130723~DTM*050*20130801~AMT*AU*110.32~SVC*HC:S5125*110.32*110.32*0572*28~DTM*472*20130723~AMT*B6*110.32~CLP*2525920012011859*1*110.32*110.32**16*0802201303945~NM1*QC*1*Santiago*Iveth****MI*93703401100~NM1*82*2*Sunnyside Citywide Home Care Services*****XX*1154407492~DTM*232*20130724~DTM*233*20130724~DTM*050*20130801~AMT*AU*110.32~SVC*HC:S5125*110.32*110.32*0572*28~DTM*472*20130724~AMT*B6*110.32~CLP*2525920012011859*1*110.32*110.32**16*0802201303946~NM1*QC*1*Santiago*Iveth****MI*93703401100~NM1*82*2*Sunnyside Citywide Home Care Services*****XX*1154407492~DTM*232*20130725~DTM*233*20130725~DTM*050*20130801~AMT*AU*110.32~SVC*HC:S5125*110.32*110.32*0572*28~DTM*472*20130725~AMT*B6*110.32~CLP*2525920012011859*1*110.32*110.32**16*0802201303947~NM1*QC*1*Santiago*Iveth****MI*93703401100~NM1*82*2*Sunnyside Citywide Home Care Services*****XX*1154407492~DTM*232*20130726~DTM*233*20130726~DTM*050*20130801~AMT*AU*110.32~SVC*HC:S5125*110.32*110.32*0572*28~DTM*472*20130726~AMT*B6*110.32~CLP*2525930012011788*1*67.04*67.04**16*0802201303948~NM1*QC*1*Santiago*Victorio****MI*93701469700~NM1*82*2*Sunnyside Citywide Home Care Services*****XX*1154407492~DTM*232*20130715~DTM*233*20130715~DTM*050*20130801~AMT*AU*67.04~SVC*HC:T1019:TT*67.04*67.04*0572*16~DTM*472*20130715~AMT*B6*67.04~CLP*2525930012011788*1*67.04*67.04**16*0802201303949~NM1*QC*1*Santiago*Victorio****MI*93701469700~NM1*82*2*Sunnyside Citywide Home Care Services*****XX*1154407492~DTM*232*20130717~DTM*233*20130717~DTM*050*20130801~AMT*AU*67.04~SVC*HC:T1019:TT*67.04*67.04*0572*16~DTM*472*20130717~AMT*B6*67.04~CLP*2525930012011788*1*67.04*67.04**16*0802201303950~NM1*QC*1*Santiago*Victorio****MI*93701469700~NM1*82*2*Sunnyside Citywide Home Care Services*****XX*1154407492~DTM*232*20130718~DTM*233*20130718~DTM*050*20130801~AMT*AU*67.04~SVC*HC:T1019:TT*67.04*67.04*0572*16~DTM*472*20130718~AMT*B6*67.04~CLP*2525930012011788*1*67.04*67.04**16*0802201303951~NM1*QC*1*Santiago*Victorio****MI*93701469700~NM1*82*2*Sunnyside Citywide Home Care Services*****XX*1154407492~DTM*232*20130719~DTM*233*20130719~DTM*050*20130801~AMT*AU*67.04~SVC*HC:T1019:TT*67.04*67.04*0572*16~DTM*472*20130719~AMT*B6*67.04~CLP*2525930012011788*1*67.04*67.04**16*0802201303952~NM1*QC*1*Santiago*Victorio****MI*93701469700~NM1*82*2*Sunnyside Citywide Home Care Services*****XX*1154407492~DTM*232*20130722~DTM*233*20130722~DTM*050*20130801~AMT*AU*67.04~SVC*HC:T1019:TT*67.04*67.04*0572*16~DTM*472*20130722~AMT*B6*67.04~CLP*2525930012011788*1*67.04*67.04**16*0802201303953~NM1*QC*1*Santiago*Victorio****MI*93701469700~NM1*82*2*Sunnyside Citywide Home Care Services*****XX*1154407492~DTM*232*20130723~DTM*233*20130723~DTM*050*20130801~AMT*AU*67.04~SVC*HC:T1019:TT*67.04*67.04*0572*16~DTM*472*20130723~AMT*B6*67.04~CLP*2525930012011788*1*67.04*67.04**16*0802201303954~NM1*QC*1*Santiago*Victorio****MI*93701469700~NM1*82*2*Sunnyside Citywide Home Care Services*****XX*1154407492~DTM*232*20130724~DTM*233*20130724~DTM*050*20130801~AMT*AU*67.04~SVC*HC:T1019:TT*67.04*67.04*0572*16~DTM*472*20130724~AMT*B6*67.04~CLP*2525930012011788*1*67.04*67.04**16*0802201303955~NM1*QC*1*Santiago*Victorio****MI*93701469700~NM1*82*2*Sunnyside Citywide Home Care Services*****XX*1154407492~DTM*232*20130725~DTM*233*20130725~DTM*050*20130801~AMT*AU*67.04~SVC*HC:T1019:TT*67.04*67.04*0572*16~DTM*472*20130725~AMT*B6*67.04~CLP*2525930012011788*1*67.04*67.04**16*0802201303956~NM1*QC*1*Santiago*Victorio****MI*93701469700~NM1*82*2*Sunnyside Citywide Home Care Services*****XX*1154407492~DTM*232*20130726~DTM*233*20130726~DTM*050*20130801~AMT*AU*67.04~SVC*HC:T1019:TT*67.04*67.04*0572*16~DTM*472*20130726~AMT*B6*67.04~CLP*2525990012013226*1*200*200**16*0802201303982~NM1*QC*1*Swaby*Clarence****MI*93704635800~NM1*82*2*Sunnyside Citywide Home Care Services*****XX*1154407492~DTM*232*20130720~DTM*233*20130720~DTM*050*20130801~AMT*AU*200~SVC*HC:T1020*200*200*0572*1~DTM*472*20130720~AMT*B6*200~CLP*2525990012013226*1*200*200**16*0802201303983~NM1*QC*1*Swaby*Clarence****MI*93704635800~NM1*82*2*Sunnyside Citywide Home Care Services*****XX*1154407492~DTM*232*20130721~DTM*233*20130721~DTM*050*20130801~AMT*AU*200~SVC*HC:T1020*200*200*0572*1~DTM*472*20130721~AMT*B6*200~CLP*2525990012013226*1*200*200**16*0802201303984~NM1*QC*1*Swaby*Clarence****MI*93704635800~NM1*82*2*Sunnyside Citywide Home Care Services*****XX*1154407492~DTM*232*20130722~DTM*233*20130722~DTM*050*20130801~AMT*AU*200~SVC*HC:T1020*200*200*0572*1~DTM*472*20130722~AMT*B6*200~CLP*2525990012013226*1*200*200**16*0802201303985~NM1*QC*1*Swaby*Clarence****MI*93704635800~NM1*82*2*Sunnyside Citywide Home Care Services*****XX*1154407492~DTM*232*20130723~DTM*233*20130723~DTM*050*20130801~AMT*AU*200~SVC*HC:T1020*200*200*0572*1~DTM*472*20130723~AMT*B6*200~CLP*2525990012013226*1*200*200**16*0802201303986~NM1*QC*1*Swaby*Clarence****MI*93704635800~NM1*82*2*Sunnyside Citywide Home Care Services*****XX*1154407492~DTM*232*20130724~DTM*233*20130724~DTM*050*20130801~AMT*AU*200~SVC*HC:T1020*200*200*0572*1~DTM*472*20130724~AMT*B6*200~CLP*2525990012013226*1*200*200**16*0802201303987~NM1*QC*1*Swaby*Clarence****MI*93704635800~NM1*82*2*Sunnyside Citywide Home Care Services*****XX*1154407492~DTM*232*20130725~DTM*233*20130725~DTM*050*20130801~AMT*AU*200~SVC*HC:T1020*200*200*0572*1~DTM*472*20130725~AMT*B6*200~CLP*2525990012013226*1*200*200**16*0802201303988~NM1*QC*1*Swaby*Clarence****MI*93704635800~NM1*82*2*Sunnyside Citywide Home Care Services*****XX*1154407492~DTM*232*20130726~DTM*233*20130726~DTM*050*20130801~AMT*AU*200~SVC*HC:T1020*200*200*0572*1~DTM*472*20130726~AMT*B6*200~CLP*2526040012011983*1*63.04*63.04**16*0802201304014~NM1*QC*1*Toussaint*Miguel****MI*93702919600~NM1*82*2*Sunnyside Citywide Home Care Services*****XX*1154407492~DTM*232*20130720~DTM*233*20130720~DTM*050*20130801~AMT*AU*63.04~SVC*HC:S5125*63.04*63.04*0572*16~DTM*472*20130720~AMT*B6*63.04~CLP*2526040012011983*1*63.04*63.04**16*0802201304015~NM1*QC*1*Toussaint*Miguel****MI*93702919600~NM1*82*2*Sunnyside Citywide Home Care Services*****XX*1154407492~DTM*232*20130721~DTM*233*20130721~DTM*050*20130801~AMT*AU*63.04~SVC*HC:S5125*63.04*63.04*0572*16~DTM*472*20130721~AMT*B6*63.04~CLP*2526040012011983*1*78.8*78.8**16*0802201304016~NM1*QC*1*Toussaint*Miguel****MI*93702919600~NM1*82*2*Sunnyside Citywide Home Care Services*****XX*1154407492~DTM*232*20130722~DTM*233*20130722~DTM*050*20130801~AMT*AU*78.8~SVC*HC:S5125*78.8*78.8*0572*20~DTM*472*20130722~AMT*B6*78.8~CLP*2526040012011983*1*78.8*78.8**16*0802201304017~NM1*QC*1*Toussaint*Miguel****MI*93702919600~NM1*82*2*Sunnyside Citywide Home Care Services*****XX*1154407492~DTM*232*20130723~DTM*233*20130723~DTM*050*20130801~AMT*AU*78.8~SVC*HC:S5125*78.8*78.8*0572*20~DTM*472*20130723~AMT*B6*78.8~CLP*2526040012011983*1*78.8*78.8**16*0802201304018~NM1*QC*1*Toussaint*Miguel****MI*93702919600~NM1*82*2*Sunnyside Citywide Home Care Services*****XX*1154407492~DTM*232*20130724~DTM*233*20130724~DTM*050*20130801~AMT*AU*78.8~SVC*HC:S5125*78.8*78.8*0572*20~DTM*472*20130724~AMT*B6*78.8~CLP*2526040012011983*1*78.8*78.8**16*0802201304019~NM1*QC*1*Toussaint*Miguel****MI*93702919600~NM1*82*2*Sunnyside Citywide Home Care Services*****XX*1154407492~DTM*232*20130725~DTM*233*20130725~DTM*050*20130801~AMT*AU*78.8~SVC*HC:S5125*78.8*78.8*0572*20~DTM*472*20130725~AMT*B6*78.8~CLP*2526040012011983*1*78.8*78.8**16*0802201304020~NM1*QC*1*Toussaint*Miguel****MI*93702919600~NM1*82*2*Sunnyside Citywide Home Care Services*****XX*1154407492~DTM*232*20130726~DTM*233*20130726~DTM*050*20130801~AMT*AU*78.8~SVC*HC:S5125*78.8*78.8*0572*20~DTM*472*20130726~AMT*B6*78.8~CLP*2526090012011982*1*200*200**16*0802201304045~NM1*QC*1*Vega*Adelaida****MI*93702952000~NM1*82*2*Sunnyside Citywide Home Care Services*****XX*1154407492~DTM*232*20130720~DTM*233*20130720~DTM*050*20130801~AMT*AU*200~SVC*HC:S5126*200*200*0572*1~DTM*472*20130720~AMT*B6*200~CLP*2526090012011982*1*200*200**16*0802201304046~NM1*QC*1*Vega*Adelaida****MI*93702952000~NM1*82*2*Sunnyside Citywide Home Care Services*****XX*1154407492~DTM*232*20130721~DTM*233*20130721~DTM*050*20130801~AMT*AU*200~SVC*HC:S5126*200*200*0572*1~DTM*472*20130721~AMT*B6*200~CLP*2526090012011982*1*200*200**16*0802201304047~NM1*QC*1*Vega*Adelaida****MI*93702952000~NM1*82*2*Sunnyside Citywide Home Care Services*****XX*1154407492~DTM*232*20130722~DTM*233*20130722~DTM*050*20130801~AMT*AU*200~SVC*HC:S5126*200*200*0572*1~DTM*472*20130722~AMT*B6*200~CLP*2526090012011982*1*200*200**16*0802201304048~NM1*QC*1*Vega*Adelaida****MI*93702952000~NM1*82*2*Sunnyside Citywide Home Care Services*****XX*1154407492~DTM*232*20130723~DTM*233*20130723~DTM*050*20130801~AMT*AU*200~SVC*HC:S5126*200*200*0572*1~DTM*472*20130723~AMT*B6*200~CLP*2526090012011982*1*200*200**16*0802201304049~NM1*QC*1*Vega*Adelaida****MI*93702952000~NM1*82*2*Sunnyside Citywide Home Care Services*****XX*1154407492~DTM*232*20130724~DTM*233*20130724~DTM*050*20130801~AMT*AU*200~SVC*HC:S5126*200*200*0572*1~DTM*472*20130724~AMT*B6*200~CLP*2526090012011982*1*200*200**16*0802201304050~NM1*QC*1*Vega*Adelaida****MI*93702952000~NM1*82*2*Sunnyside Citywide Home Care Services*****XX*1154407492~DTM*232*20130725~DTM*233*20130725~DTM*050*20130801~AMT*AU*200~SVC*HC:S5126*200*200*0572*1~DTM*472*20130725~AMT*B6*200~CLP*2526090012011982*1*200*200**16*0802201304051~NM1*QC*1*Vega*Adelaida****MI*93702952000~NM1*82*2*Sunnyside Citywide Home Care Services*****XX*1154407492~DTM*232*20130726~DTM*233*20130726~DTM*050*20130801~AMT*AU*200~SVC*HC:S5126*200*200*0572*1~DTM*472*20130726~AMT*B6*200~CLP*2526130012012077*1*31.52*31.52**16*0802201304071~NM1*QC*1*Ward*Althea****MI*93703608100~NM1*82*2*Sunnyside Citywide Home Care Services*****XX*1154407492~DTM*232*20130722~DTM*233*20130722~DTM*050*20130801~AMT*AU*31.52~SVC*HC:S5125*31.52*31.52*0572*8~DTM*472*20130722~AMT*B6*31.52~CLP*2526130012012077*1*31.52*31.52**16*0802201304072~NM1*QC*1*Ward*Althea****MI*93703608100~NM1*82*2*Sunnyside Citywide Home Care Services*****XX*1154407492~DTM*232*20130723~DTM*233*20130723~DTM*050*20130801~AMT*AU*31.52~SVC*HC:S5125*31.52*31.52*0572*8~DTM*472*20130723~AMT*B6*31.52~CLP*2526130012012077*1*31.52*31.52**16*0802201304073~NM1*QC*1*Ward*Althea****MI*93703608100~NM1*82*2*Sunnyside Citywide Home Care Services*****XX*1154407492~DTM*232*20130724~DTM*233*20130724~DTM*050*20130801~AMT*AU*31.52~SVC*HC:S5125*31.52*31.52*0572*8~DTM*472*20130724~AMT*B6*31.52~CLP*2526130012012077*1*31.52*31.52**16*0802201304074~NM1*QC*1*Ward*Althea****MI*93703608100~NM1*82*2*Sunnyside Citywide Home Care Services*****XX*1154407492~DTM*232*20130725~DTM*233*20130725~DTM*050*20130801~AMT*AU*31.52~SVC*HC:S5125*31.52*31.52*0572*8~DTM*472*20130725~AMT*B6*31.52~CLP*2526130012012077*1*31.52*31.52**16*0802201304075~NM1*QC*1*Ward*Althea****MI*93703608100~NM1*82*2*Sunnyside Citywide Home Care Services*****XX*1154407492~DTM*232*20130726~DTM*233*20130726~DTM*050*20130801~AMT*AU*31.52~SVC*HC:S5125*31.52*31.52*0572*8~DTM*472*20130726~AMT*B6*31.52~SE*964*00001~GE*1*1~IEA*1*000172213~