ISA*00*          *00*          *ZZ*GUILDNET       *ZZ*SSIDEFTPGN     *131007*0936*^*00501*000177809*0*P*:~GS*HP*GUILDNET*SSIDEFTPGN*20131007*0936*1*X*005010X221A1~ST*835*00001~BPR*I*54432.06*C*CHK************20131010~TRN*1*216193*1999999999~DTM*405*20131007~N1*PR*GuildNet Gold Medicare Advantage SNP*XV*H6864~N3*15 West 65th St.~N4*New York*NY*10023~PER*CX*Geri Taylor*TE*2127697857~PER*BL*Geri Taylor*TE*2127697857~N1*PE*Sunnyside Citywide Home*FI*113502051~N3*43-31 39th Street~N4*Sunnyside*NY*11104~LX*1~CLP*2547510012006118SUP*1*788*788**16*0916201318201~NM1*QC*1*Ali*Amrunissa****MI*93703296700~NM1*82*2*Sunnyside Citywide Home Care Services*****XX*1154407492~DTM*232*20130803~DTM*233*20130809~DTM*050*20130916~AMT*AU*788~SVC*HC:S5125*94.56*94.56*0580*24~DTM*472*20130803~AMT*B6*94.56~SVC*HC:S5125*141.84*141.84*0580*36~DTM*472*20130805~AMT*B6*141.84~SVC*HC:S5125*126.08*126.08*0580*32~DTM*472*20130806~AMT*B6*126.08~SVC*HC:S5125*141.84*141.84*0580*36~DTM*472*20130807~AMT*B6*141.84~SVC*HC:S5125*141.84*141.84*0580*36~DTM*472*20130808~AMT*B6*141.84~SVC*HC:S5125*141.84*141.84*0580*36~DTM*472*20130809~AMT*B6*141.84~CLP*2547610012011960SUP*1*464.92*464.92**16*0916201318211~NM1*QC*1*Bustamente*Gabriel****MI*93702523200~NM1*82*2*Sunnyside Citywide Home Care Services*****XX*1154407492~DTM*232*20130803~DTM*233*20130809~DTM*050*20130916~AMT*AU*464.92~SVC*HC:S5125*70.92*70.92*0580*18~DTM*472*20130803~AMT*B6*70.92~SVC*HC:S5125*78.8*78.8*0580*20~DTM*472*20130805~AMT*B6*78.8~SVC*HC:S5125*78.8*78.8*0580*20~DTM*472*20130806~AMT*B6*78.8~SVC*HC:S5125*78.8*78.8*0580*20~DTM*472*20130807~AMT*B6*78.8~SVC*HC:S5125*78.8*78.8*0580*20~DTM*472*20130808~AMT*B6*78.8~SVC*HC:S5125*78.8*78.8*0580*20~DTM*472*20130809~AMT*B6*78.8~CLP*2547680012002769SUP*4*78.8*0**16*0916201318218~NM1*QC*1*Cepeda*Tomasa****MI*93700964900~NM1*82*2*Sunnyside Citywide Home Care Services*****XX*1154407492~DTM*232*20130809~DTM*233*20130809~DTM*050*20130916~AMT*AU*78.8~SVC*HC:S5125*78.8*0*0580*0~DTM*472*20130809~CAS*OA*62*78.8~AMT*B6*78.8~CLP*2548180012011848SUP*1*626.46*626.46**16*0916201318267~NM1*QC*1*Lanzilotta*Rosa****MI*93702509600~NM1*82*2*Sunnyside Citywide Home Care Services*****XX*1154407492~DTM*232*20130803~DTM*233*20130809~DTM*050*20130916~AMT*AU*626.46~SVC*HC:S5125*63.04*63.04*0580*16~DTM*472*20130803~AMT*B6*63.04~SVC*HC:S5125*63.04*63.04*0580*16~DTM*472*20130804~AMT*B6*63.04~SVC*HC:S5125*122.14*122.14*0580*31~DTM*472*20130805~AMT*B6*122.14~SVC*HC:S5125*126.08*126.08*0580*32~DTM*472*20130807~AMT*B6*126.08~SVC*HC:S5125*126.08*126.08*0580*32~DTM*472*20130808~AMT*B6*126.08~SVC*HC:S5125*126.08*126.08*0580*32~DTM*472*20130809~AMT*B6*126.08~CLP*2548240012011845SUP*1*126.08*126.08**16*0916201318273~NM1*QC*1*Lugo*Dolores****MI*93702878100~NM1*82*2*Sunnyside Citywide Home Care Services*****XX*1154407492~DTM*232*20130806~DTM*233*20130808~DTM*050*20130916~AMT*AU*126.08~SVC*HC:S5125*63.04*63.04*0580*16~DTM*472*20130806~AMT*B6*63.04~SVC*HC:S5125*63.04*63.04*0580*16~DTM*472*20130808~AMT*B6*63.04~CLP*2548580012009232SUP*1*472.8*472.8**16*0916201318307~NM1*QC*1*Perez*Maria****MI*93703475500~NM1*82*2*Sunnyside Citywide Home Care Services*****XX*1154407492~DTM*232*20130805~DTM*233*20130809~DTM*050*20130916~AMT*AU*472.8~SVC*HC:T1019*94.56*94.56*0580*24~DTM*472*20130805~AMT*B6*94.56~SVC*HC:T1019*94.56*94.56*0580*24~DTM*472*20130806~AMT*B6*94.56~SVC*HC:T1019*94.56*94.56*0580*24~DTM*472*20130807~AMT*B6*94.56~SVC*HC:T1019*94.56*94.56*0580*24~DTM*472*20130808~AMT*B6*94.56~SVC*HC:T1019*94.56*94.56*0580*24~DTM*472*20130809~AMT*B6*94.56~CLP*2548610012002109SUP*1*586.6*586.6**16*0916201318310~NM1*QC*1*Proano*Alicia****MI*93700845900~NM1*82*2*Sunnyside Citywide Home Care Services*****XX*1154407492~DTM*232*20130803~DTM*233*20130809~DTM*050*20130916~AMT*AU*586.6~SVC*HC:S5125:TT*83.8*83.8*0580*20~DTM*472*20130803~AMT*B6*83.8~SVC*HC:S5125:TT*83.8*83.8*0580*20~DTM*472*20130804~AMT*B6*83.8~SVC*HC:S5125:TT*83.8*83.8*0580*20~DTM*472*20130805~AMT*B6*83.8~SVC*HC:S5125:TT*83.8*83.8*0580*20~DTM*472*20130806~AMT*B6*83.8~SVC*HC:S5125:TT*83.8*83.8*0580*20~DTM*472*20130807~AMT*B6*83.8~SVC*HC:S5125:TT*83.8*83.8*0580*20~DTM*472*20130808~AMT*B6*83.8~SVC*HC:S5125:TT*83.8*83.8*0580*20~DTM*472*20130809~AMT*B6*83.8~CLP*2548770012012056SUP*1*740.72*740.72**16*0916201318326~NM1*QC*1*Rodriguez*Juan****MI*93702665700~NM1*82*2*Sunnyside Citywide Home Care Services*****XX*1154407492~DTM*232*20130803~DTM*233*20130809~DTM*050*20130916~AMT*AU*740.72~SVC*HC:S5125*94.56*94.56*0580*24~DTM*472*20130803~AMT*B6*94.56~SVC*HC:S5125*94.56*94.56*0580*24~DTM*472*20130804~AMT*B6*94.56~SVC*HC:S5125*110.32*110.32*0580*28~DTM*472*20130805~AMT*B6*110.32~SVC*HC:S5125*110.32*110.32*0580*28~DTM*472*20130806~AMT*B6*110.32~SVC*HC:S5125*110.32*110.32*0580*28~DTM*472*20130807~AMT*B6*110.32~SVC*HC:S5125*110.32*110.32*0580*28~DTM*472*20130808~AMT*B6*110.32~SVC*HC:S5125*110.32*110.32*0580*28~DTM*472*20130809~AMT*B6*110.32~CLP*2548920012011788SUP*1*335.2*335.2**16*0916201318341~NM1*QC*1*Santiago*Victorio****MI*93701469700~NM1*82*2*Sunnyside Citywide Home Care Services*****XX*1154407492~DTM*232*20130805~DTM*233*20130809~DTM*050*20130916~AMT*AU*335.2~SVC*HC:T1019:TT*67.04*67.04*0580*16~DTM*472*20130805~AMT*B6*67.04~SVC*HC:T1019:TT*67.04*67.04*0580*16~DTM*472*20130806~AMT*B6*67.04~SVC*HC:T1019:TT*67.04*67.04*0580*16~DTM*472*20130807~AMT*B6*67.04~SVC*HC:T1019:TT*67.04*67.04*0580*16~DTM*472*20130808~AMT*B6*67.04~SVC*HC:T1019:TT*67.04*67.04*0580*16~DTM*472*20130809~AMT*B6*67.04~CLP*2548970012013226SUP*1*1800*1800**16*0916201318346~NM1*QC*1*Swaby*Clarence****MI*93704635800~NM1*82*2*Sunnyside Citywide Home Care Services*****XX*1154407492~DTM*232*20130801~DTM*233*20130809~DTM*050*20130916~AMT*AU*1800~SVC*HC:T1020*200*200*0580*1~DTM*472*20130801~AMT*B6*200~SVC*HC:T1020*200*200*0580*1~DTM*472*20130802~AMT*B6*200~SVC*HC:T1020*200*200*0580*1~DTM*472*20130803~AMT*B6*200~SVC*HC:T1020*200*200*0580*1~DTM*472*20130804~AMT*B6*200~SVC*HC:T1020*200*200*0580*1~DTM*472*20130805~AMT*B6*200~SVC*HC:T1020*200*200*0580*1~DTM*472*20130806~AMT*B6*200~SVC*HC:T1020*200*200*0580*1~DTM*472*20130807~AMT*B6*200~SVC*HC:T1020*200*200*0580*1~DTM*472*20130808~AMT*B6*200~SVC*HC:T1020*200*200*0580*1~DTM*472*20130809~AMT*B6*200~CLP*2549020012011983SUP*1*520.08*520.08**16*0916201318351~NM1*QC*1*Toussaint*Miguel****MI*93702919600~NM1*82*2*Sunnyside Citywide Home Care Services*****XX*1154407492~DTM*232*20130803~DTM*233*20130809~DTM*050*20130916~AMT*AU*520.08~SVC*HC:S5125*63.04*63.04*0580*16~DTM*472*20130803~AMT*B6*63.04~SVC*HC:S5125*63.04*63.04*0580*16~DTM*472*20130804~AMT*B6*63.04~SVC*HC:S5125*78.8*78.8*0580*20~DTM*472*20130805~AMT*B6*78.8~SVC*HC:S5125*78.8*78.8*0580*20~DTM*472*20130806~AMT*B6*78.8~SVC*HC:S5125*78.8*78.8*0580*20~DTM*472*20130807~AMT*B6*78.8~SVC*HC:S5125*78.8*78.8*0580*20~DTM*472*20130808~AMT*B6*78.8~SVC*HC:S5125*78.8*78.8*0580*20~DTM*472*20130809~AMT*B6*78.8~CLP*2549070012011982SUP*1*1200*1200**16*0916201318356~NM1*QC*1*Vega*Adelaida****MI*93702952000~NM1*82*2*Sunnyside Citywide Home Care Services*****XX*1154407492~DTM*232*20130803~DTM*233*20130809~DTM*050*20130916~AMT*AU*1200~SVC*HC:S5126*200*200*0580*1~DTM*472*20130803~AMT*B6*200~SVC*HC:S5126*200*200*0580*1~DTM*472*20130805~AMT*B6*200~SVC*HC:S5126*200*200*0580*1~DTM*472*20130806~AMT*B6*200~SVC*HC:S5126*200*200*0580*1~DTM*472*20130807~AMT*B6*200~SVC*HC:S5126*200*200*0580*1~DTM*472*20130808~AMT*B6*200~SVC*HC:S5126*200*200*0580*1~DTM*472*20130809~AMT*B6*200~CLP*2549110012012077SUP*1*94.56*94.56**16*0916201318360~NM1*QC*1*Ward*Althea****MI*93703608100~NM1*82*2*Sunnyside Citywide Home Care Services*****XX*1154407492~DTM*232*20130805~DTM*233*20130807~DTM*050*20130916~AMT*AU*94.56~SVC*HC:S5125*31.52*31.52*0580*8~DTM*472*20130805~AMT*B6*31.52~SVC*HC:S5125*31.52*31.52*0580*8~DTM*472*20130806~AMT*B6*31.52~SVC*HC:S5125*31.52*31.52*0580*8~DTM*472*20130807~AMT*B6*31.52~CLP*2549120012012079SUP*1*58.4*58.4**16*0916201318361~NM1*QC*1*Ward*Althea****MI*93703608100~NM1*82*2*Sunnyside Citywide Home Care Services*****XX*1154407492~DTM*232*20130803~DTM*233*20130803~DTM*050*20130916~AMT*AU*58.4~SVC*HC:S5131*58.4*58.4*0580*16~DTM*472*20130803~AMT*B6*58.4~CLP*2556210012006118SUP*1*803.76*803.76**16*0916201318401~NM1*QC*1*Ali*Amrunissa****MI*93703296700~NM1*82*2*Sunnyside Citywide Home Care Services*****XX*1154407492~DTM*232*20130810~DTM*233*20130816~DTM*050*20130916~AMT*AU*803.76~SVC*HC:S5125*94.56*94.56*0580*24~DTM*472*20130810~AMT*B6*94.56~SVC*HC:S5125*141.84*141.84*0580*36~DTM*472*20130812~AMT*B6*141.84~SVC*HC:S5125*141.84*141.84*0580*36~DTM*472*20130813~AMT*B6*141.84~SVC*HC:S5125*141.84*141.84*0580*36~DTM*472*20130814~AMT*B6*141.84~SVC*HC:S5125*141.84*141.84*0580*36~DTM*472*20130815~AMT*B6*141.84~SVC*HC:S5125*141.84*141.84*0580*36~DTM*472*20130816~AMT*B6*141.84~CLP*2556320012011960SUP*1*464.92*464.92**16*0916201318412~NM1*QC*1*Bustamente*Gabriel****MI*93702523200~NM1*82*2*Sunnyside Citywide Home Care Services*****XX*1154407492~DTM*232*20130810~DTM*233*20130816~DTM*050*20130916~AMT*AU*464.92~SVC*HC:S5125*70.92*70.92*0580*18~DTM*472*20130810~AMT*B6*70.92~SVC*HC:S5125*78.8*78.8*0580*20~DTM*472*20130812~AMT*B6*78.8~SVC*HC:S5125*78.8*78.8*0580*20~DTM*472*20130813~AMT*B6*78.8~SVC*HC:S5125*78.8*78.8*0580*20~DTM*472*20130814~AMT*B6*78.8~SVC*HC:S5125*78.8*78.8*0580*20~DTM*472*20130815~AMT*B6*78.8~SVC*HC:S5125*78.8*78.8*0580*20~DTM*472*20130816~AMT*B6*78.8~CLP*2556410012002769SUP*1*571.3*571.3**16*0916201318421~NM1*QC*1*Cepeda*Tomasa****MI*93700964900~NM1*82*2*Sunnyside Citywide Home Care Services*****XX*1154407492~DTM*232*20130810~DTM*233*20130816~DTM*050*20130916~AMT*AU*571.3~SVC*HC:S5125*66.98*66.98*0580*17~DTM*472*20130810~AMT*B6*66.98~SVC*HC:S5125*63.04*63.04*0580*16~DTM*472*20130811~AMT*B6*63.04~SVC*HC:S5125*94.56*94.56*0580*24~DTM*472*20130812~AMT*B6*94.56~SVC*HC:S5125*94.56*94.56*0580*24~DTM*472*20130813~AMT*B6*94.56~SVC*HC:S5125*94.56*94.56*0580*24~DTM*472*20130814~AMT*B6*94.56~SVC*HC:S5125*78.8*78.8*0580*20~DTM*472*20130815~AMT*B6*78.8~SVC*HC:S5125*78.8*78.8*0580*20~DTM*472*20130816~AMT*B6*78.8~CLP*2556900012011848SUP*1*882.56*882.56**16*0916201318469~NM1*QC*1*Lanzilotta*Rosa****MI*93702509600~NM1*82*2*Sunnyside Citywide Home Care Services*****XX*1154407492~DTM*232*20130806~DTM*233*20130816~DTM*050*20130916~AMT*AU*882.56~SVC*HC:S5125*126.08*126.08*0580*32~DTM*472*20130806~AMT*B6*126.08~SVC*HC:S5125*63.04*63.04*0580*16~DTM*472*20130810~AMT*B6*63.04~SVC*HC:S5125*63.04*63.04*0580*16~DTM*472*20130811~AMT*B6*63.04~SVC*HC:S5125*126.08*126.08*0580*32~DTM*472*20130812~AMT*B6*126.08~SVC*HC:S5125*126.08*126.08*0580*32~DTM*472*20130813~AMT*B6*126.08~SVC*HC:S5125*126.08*126.08*0580*32~DTM*472*20130814~AMT*B6*126.08~SVC*HC:S5125*126.08*126.08*0580*32~DTM*472*20130815~AMT*B6*126.08~SVC*HC:S5125*126.08*126.08*0580*32~DTM*472*20130816~AMT*B6*126.08~CLP*2556960012011845SUP*1*189.12*189.12**16*0916201318475~NM1*QC*1*Lugo*Dolores****MI*93702878100~NM1*82*2*Sunnyside Citywide Home Care Services*****XX*1154407492~DTM*232*20130813~DTM*233*20130815~DTM*050*20130916~AMT*AU*189.12~SVC*HC:S5125*63.04*63.04*0580*16~DTM*472*20130813~AMT*B6*63.04~SVC*HC:S5125*63.04*63.04*0580*16~DTM*472*20130814~AMT*B6*63.04~SVC*HC:S5125*63.04*63.04*0580*16~DTM*472*20130815~AMT*B6*63.04~CLP*2557290012009232SUP*1*378.24*378.24**16*0916201318508~NM1*QC*1*Perez*Maria****MI*93703475500~NM1*82*2*Sunnyside Citywide Home Care Services*****XX*1154407492~DTM*232*20130812~DTM*233*20130816~DTM*050*20130916~AMT*AU*378.24~SVC*HC:T1019*94.56*94.56*0580*24~DTM*472*20130812~AMT*B6*94.56~SVC*HC:T1019*94.56*94.56*0580*24~DTM*472*20130813~AMT*B6*94.56~SVC*HC:T1019*94.56*94.56*0580*24~DTM*472*20130815~AMT*B6*94.56~SVC*HC:T1019*94.56*94.56*0580*24~DTM*472*20130816~AMT*B6*94.56~CLP*2557330012002109SUP*1*586.6*586.6**16*0916201318512~NM1*QC*1*Proano*Alicia****MI*93700845900~NM1*82*2*Sunnyside Citywide Home Care Services*****XX*1154407492~DTM*232*20130810~DTM*233*20130816~DTM*050*20130916~AMT*AU*586.6~SVC*HC:S5125:TT*83.8*83.8*0580*20~DTM*472*20130810~AMT*B6*83.8~SVC*HC:S5125:TT*83.8*83.8*0580*20~DTM*472*20130811~AMT*B6*83.8~SVC*HC:S5125:TT*83.8*83.8*0580*20~DTM*472*20130812~AMT*B6*83.8~SVC*HC:S5125:TT*83.8*83.8*0580*20~DTM*472*20130813~AMT*B6*83.8~SVC*HC:S5125:TT*83.8*83.8*0580*20~DTM*472*20130814~AMT*B6*83.8~SVC*HC:S5125:TT*83.8*83.8*0580*20~DTM*472*20130815~AMT*B6*83.8~SVC*HC:S5125:TT*83.8*83.8*0580*20~DTM*472*20130816~AMT*B6*83.8~CLP*2557480012012056SUP*1*630.4*630.4**16*0916201318527~NM1*QC*1*Rodriguez*Juan****MI*93702665700~NM1*82*2*Sunnyside Citywide Home Care Services*****XX*1154407492~DTM*232*20130810~DTM*233*20130815~DTM*050*20130916~AMT*AU*630.4~SVC*HC:S5125*94.56*94.56*0580*24~DTM*472*20130810~AMT*B6*94.56~SVC*HC:S5125*94.56*94.56*0580*24~DTM*472*20130811~AMT*B6*94.56~SVC*HC:S5125*110.32*110.32*0580*28~DTM*472*20130812~AMT*B6*110.32~SVC*HC:S5125*110.32*110.32*0580*28~DTM*472*20130813~AMT*B6*110.32~SVC*HC:S5125*110.32*110.32*0580*28~DTM*472*20130814~AMT*B6*110.32~SVC*HC:S5125*110.32*110.32*0580*28~DTM*472*20130815~AMT*B6*110.32~CLP*2557620012011788SUP*1*335.2*335.2**16*0916201318541~NM1*QC*1*Santiago*Victorio****MI*93701469700~NM1*82*2*Sunnyside Citywide Home Care Services*****XX*1154407492~DTM*232*20130812~DTM*233*20130816~DTM*050*20130916~AMT*AU*335.2~SVC*HC:T1019:TT*67.04*67.04*0580*16~DTM*472*20130812~AMT*B6*67.04~SVC*HC:T1019:TT*67.04*67.04*0580*16~DTM*472*20130813~AMT*B6*67.04~SVC*HC:T1019:TT*67.04*67.04*0580*16~DTM*472*20130814~AMT*B6*67.04~SVC*HC:T1019:TT*67.04*67.04*0580*16~DTM*472*20130815~AMT*B6*67.04~SVC*HC:T1019:TT*67.04*67.04*0580*16~DTM*472*20130816~AMT*B6*67.04~CLP*2557670012013226SUP*1*1400*1400**16*0916201318546~NM1*QC*1*Swaby*Clarence****MI*93704635800~NM1*82*2*Sunnyside Citywide Home Care Services*****XX*1154407492~DTM*232*20130810~DTM*233*20130816~DTM*050*20130916~AMT*AU*1400~SVC*HC:T1020*200*200*0580*1~DTM*472*20130810~AMT*B6*200~SVC*HC:T1020*200*200*0580*1~DTM*472*20130811~AMT*B6*200~SVC*HC:T1020*200*200*0580*1~DTM*472*20130812~AMT*B6*200~SVC*HC:T1020*200*200*0580*1~DTM*472*20130813~AMT*B6*200~SVC*HC:T1020*200*200*0580*1~DTM*472*20130814~AMT*B6*200~SVC*HC:T1020*200*200*0580*1~DTM*472*20130815~AMT*B6*200~SVC*HC:T1020*200*200*0580*1~DTM*472*20130816~AMT*B6*200~CLP*2557730012011983SUP*1*520.08*520.08**16*0916201318552~NM1*QC*1*Toussaint*Miguel****MI*93702919600~NM1*82*2*Sunnyside Citywide Home Care Services*****XX*1154407492~DTM*232*20130810~DTM*233*20130816~DTM*050*20130916~AMT*AU*520.08~SVC*HC:S5125*63.04*63.04*0580*16~DTM*472*20130810~AMT*B6*63.04~SVC*HC:S5125*63.04*63.04*0580*16~DTM*472*20130811~AMT*B6*63.04~SVC*HC:S5125*78.8*78.8*0580*20~DTM*472*20130812~AMT*B6*78.8~SVC*HC:S5125*78.8*78.8*0580*20~DTM*472*20130813~AMT*B6*78.8~SVC*HC:S5125*78.8*78.8*0580*20~DTM*472*20130814~AMT*B6*78.8~SVC*HC:S5125*78.8*78.8*0580*20~DTM*472*20130815~AMT*B6*78.8~SVC*HC:S5125*78.8*78.8*0580*20~DTM*472*20130816~AMT*B6*78.8~CLP*2557780012011982SUP*1*1400*1400**16*0916201318557~NM1*QC*1*Vega*Adelaida****MI*93702952000~NM1*82*2*Sunnyside Citywide Home Care Services*****XX*1154407492~DTM*232*20130810~DTM*233*20130816~DTM*050*20130916~AMT*AU*1400~SVC*HC:S5126*200*200*0580*1~DTM*472*20130810~AMT*B6*200~SVC*HC:S5126*200*200*0580*1~DTM*472*20130811~AMT*B6*200~SVC*HC:S5126*200*200*0580*1~DTM*472*20130812~AMT*B6*200~SVC*HC:S5126*200*200*0580*1~DTM*472*20130813~AMT*B6*200~SVC*HC:S5126*200*200*0580*1~DTM*472*20130814~AMT*B6*200~SVC*HC:S5126*200*200*0580*1~DTM*472*20130815~AMT*B6*200~SVC*HC:S5126*200*200*0580*1~DTM*472*20130816~AMT*B6*200~CLP*2557830012012077SUP*1*94.56*94.56**16*0916201318562~NM1*QC*1*Ward*Althea****MI*93703608100~NM1*82*2*Sunnyside Citywide Home Care Services*****XX*1154407492~DTM*232*20130813~DTM*233*20130816~DTM*050*20130916~AMT*AU*94.56~SVC*HC:S5125*31.52*31.52*0580*8~DTM*472*20130813~AMT*B6*31.52~SVC*HC:S5125*31.52*31.52*0580*8~DTM*472*20130815~AMT*B6*31.52~SVC*HC:S5125*31.52*31.52*0580*8~DTM*472*20130816~AMT*B6*31.52~CLP*2572810012006118SUP*1*701.32*701.32**16*0916201318601~NM1*QC*1*Ali*Amrunissa****MI*93703296700~NM1*82*2*Sunnyside Citywide Home Care Services*****XX*1154407492~DTM*232*20130824~DTM*233*20130830~DTM*050*20130916~AMT*AU*701.32~SVC*HC:S5125*86.68*86.68*0580*22~DTM*472*20130824~AMT*B6*86.68~SVC*HC:S5125*141.84*141.84*0580*36~DTM*472*20130826~AMT*B6*141.84~SVC*HC:S5125*47.28*47.28*0580*12~DTM*472*20130827~AMT*B6*47.28~SVC*HC:S5125*141.84*141.84*0580*36~DTM*472*20130828~AMT*B6*141.84~SVC*HC:S5125*141.84*141.84*0580*36~DTM*472*20130829~AMT*B6*141.84~SVC*HC:S5125*141.84*141.84*0580*36~DTM*472*20130830~AMT*B6*141.84~CLP*2572930012011960SUP*1*441.28*441.28**16*0916201318613~NM1*QC*1*Bustamente*Gabriel****MI*93702523200~NM1*82*2*Sunnyside Citywide Home Care Services*****XX*1154407492~DTM*232*20130824~DTM*233*20130830~DTM*050*20130916~AMT*AU*441.28~SVC*HC:S5125*70.92*70.92*0580*18~DTM*472*20130824~AMT*B6*70.92~SVC*HC:S5125*78.8*78.8*0580*20~DTM*472*20130826~AMT*B6*78.8~SVC*HC:S5125*78.8*78.8*0580*20~DTM*472*20130827~AMT*B6*78.8~SVC*HC:S5125*78.8*78.8*0580*20~DTM*472*20130828~AMT*B6*78.8~SVC*HC:S5125*55.16*55.16*0580*14~DTM*472*20130829~AMT*B6*55.16~SVC*HC:S5125*78.8*78.8*0580*20~DTM*472*20130830~AMT*B6*78.8~CLP*2573030012002769SUP*1*94.56*94.56**16*0916201318623~NM1*QC*1*Cepeda*Tomasa****MI*93700964900~NM1*82*2*Sunnyside Citywide Home Care Services*****XX*1154407492~DTM*232*20130826~DTM*233*20130826~DTM*050*20130916~AMT*AU*94.56~SVC*HC:S5125*94.56*94.56*0580*24~DTM*472*20130826~AMT*B6*94.56~CLP*2573570012011848SUP*1*756.48*756.48**16*0916201318677~NM1*QC*1*Lanzilotta*Rosa****MI*93702509600~NM1*82*2*Sunnyside Citywide Home Care Services*****XX*1154407492~DTM*232*20130824~DTM*233*20130830~DTM*050*20130916~AMT*AU*756.48~SVC*HC:S5125*63.04*63.04*0580*16~DTM*472*20130824~AMT*B6*63.04~SVC*HC:S5125*63.04*63.04*0580*16~DTM*472*20130825~AMT*B6*63.04~SVC*HC:S5125*126.08*126.08*0580*32~DTM*472*20130826~AMT*B6*126.08~SVC*HC:S5125*126.08*126.08*0580*32~DTM*472*20130827~AMT*B6*126.08~SVC*HC:S5125*126.08*126.08*0580*32~DTM*472*20130828~AMT*B6*126.08~SVC*HC:S5125*126.08*126.08*0580*32~DTM*472*20130829~AMT*B6*126.08~SVC*HC:S5125*126.08*126.08*0580*32~DTM*472*20130830~AMT*B6*126.08~CLP*2573640012011845SUP*1*189.12*189.12**16*0916201318684~NM1*QC*1*Lugo*Dolores****MI*93702878100~NM1*82*2*Sunnyside Citywide Home Care Services*****XX*1154407492~DTM*232*20130827~DTM*233*20130829~DTM*050*20130916~AMT*AU*189.12~SVC*HC:S5125*63.04*63.04*0580*16~DTM*472*20130827~AMT*B6*63.04~SVC*HC:S5125*63.04*63.04*0580*16~DTM*472*20130828~AMT*B6*63.04~SVC*HC:S5125*63.04*63.04*0580*16~DTM*472*20130829~AMT*B6*63.04~CLP*2573970012009232SUP*1*567.36*567.36**16*0916201318718~NM1*QC*1*Perez*Maria****MI*93703475500~NM1*82*2*Sunnyside Citywide Home Care Services*****XX*1154407492~DTM*232*20130823~DTM*233*20130830~DTM*050*20130916~AMT*AU*567.36~SVC*HC:T1019*94.56*94.56*0580*24~DTM*472*20130823~AMT*B6*94.56~SVC*HC:T1019*94.56*94.56*0580*24~DTM*472*20130826~AMT*B6*94.56~SVC*HC:T1019*94.56*94.56*0580*24~DTM*472*20130827~AMT*B6*94.56~SVC*HC:T1019*94.56*94.56*0580*24~DTM*472*20130828~AMT*B6*94.56~SVC*HC:T1019*94.56*94.56*0580*24~DTM*472*20130829~AMT*B6*94.56~SVC*HC:T1019*94.56*94.56*0580*24~DTM*472*20130830~AMT*B6*94.56~CLP*2574020012002109SUP*1*586.6*586.6**16*0916201318723~NM1*QC*1*Proano*Alicia****MI*93700845900~NM1*82*2*Sunnyside Citywide Home Care Services*****XX*1154407492~DTM*232*20130823~DTM*233*20130830~DTM*050*20130916~AMT*AU*586.6~SVC*HC:S5125:TT*83.8*83.8*0580*20~DTM*472*20130823~AMT*B6*83.8~SVC*HC:S5125:TT*83.8*83.8*0580*20~DTM*472*20130824~AMT*B6*83.8~SVC*HC:S5125:TT*83.8*83.8*0580*20~DTM*472*20130825~AMT*B6*83.8~SVC*HC:S5125:TT*83.8*83.8*0580*20~DTM*472*20130826~AMT*B6*83.8~SVC*HC:S5125:TT*83.8*83.8*0580*20~DTM*472*20130827~AMT*B6*83.8~SVC*HC:S5125:TT*83.8*83.8*0580*20~DTM*472*20130829~AMT*B6*83.8~SVC*HC:S5125:TT*83.8*83.8*0580*20~DTM*472*20130830~AMT*B6*83.8~CLP*2574170012012056SUP*1*646.16*646.16**16*0916201318738~NM1*QC*1*Rodriguez*Juan****MI*93702665700~NM1*82*2*Sunnyside Citywide Home Care Services*****XX*1154407492~DTM*232*20130825~DTM*233*20130830~DTM*050*20130916~AMT*AU*646.16~SVC*HC:S5125*94.56*94.56*0580*24~DTM*472*20130825~AMT*B6*94.56~SVC*HC:S5125*110.32*110.32*0580*28~DTM*472*20130826~AMT*B6*110.32~SVC*HC:S5125*110.32*110.32*0580*28~DTM*472*20130827~AMT*B6*110.32~SVC*HC:S5125*110.32*110.32*0580*28~DTM*472*20130828~AMT*B6*110.32~SVC*HC:S5125*110.32*110.32*0580*28~DTM*472*20130829~AMT*B6*110.32~SVC*HC:S5125*110.32*110.32*0580*28~DTM*472*20130830~AMT*B6*110.32~CLP*2574310012011859SUP*1*4365*450**16*0916201318752~NM1*QC*1*Santiago*Iveth****MI*93703401100~NM1*82*2*Sunnyside Citywide Home Care Services*****XX*1154407492~DTM*232*20130824~DTM*233*20130830~DTM*050*20130916~AMT*AU*4365~SVC*HC:T1030*630*450*0580*5~DTM*472*20130824~CAS*OA*62*180~AMT*B6*630~SVC*HC:T1030*607.5*0*0580*0~DTM*472*20130825~CAS*OA*62*607.5~AMT*B6*607.5~SVC*HC:T1030*630*0*0580*0~DTM*472*20130826~CAS*OA*62*630~AMT*B6*630~SVC*HC:T1030*607.5*0*0580*0~DTM*472*20130827~CAS*OA*62*607.5~AMT*B6*607.5~SVC*HC:T1030*630*0*0580*0~DTM*472*20130828~CAS*OA*62*630~AMT*B6*630~SVC*HC:T1030*630*0*0580*0~DTM*472*20130829~CAS*OA*62*630~AMT*B6*630~SVC*HC:T1030*630*0*0580*0~DTM*472*20130830~CAS*OA*62*630~AMT*B6*630~CLP*2574320012011788SUP*1*331.01*331.01**16*0916201318753~NM1*QC*1*Santiago*Victorio****MI*93701469700~NM1*82*2*Sunnyside Citywide Home Care Services*****XX*1154407492~DTM*232*20130826~DTM*233*20130830~DTM*050*20130916~AMT*AU*331.01~SVC*HC:T1019:TT*67.04*67.04*0580*16~DTM*472*20130826~AMT*B6*67.04~SVC*HC:T1019:TT*67.04*67.04*0580*16~DTM*472*20130827~AMT*B6*67.04~SVC*HC:T1019:TT*67.04*67.04*0580*16~DTM*472*20130828~AMT*B6*67.04~SVC*HC:T1019:TT*67.04*67.04*0580*16~DTM*472*20130829~AMT*B6*67.04~SVC*HC:T1019:TT*62.85*62.85*0580*15~DTM*472*20130830~AMT*B6*62.85~CLP*2574360012013226SUP*1*1400*1400**16*0916201318757~NM1*QC*1*Swaby*Clarence****MI*93704635800~NM1*82*2*Sunnyside Citywide Home Care Services*****XX*1154407492~DTM*232*20130824~DTM*233*20130830~DTM*050*20130916~AMT*AU*1400~SVC*HC:T1020*200*200*0580*1~DTM*472*20130824~AMT*B6*200~SVC*HC:T1020*200*200*0580*1~DTM*472*20130825~AMT*B6*200~SVC*HC:T1020*200*200*0580*1~DTM*472*20130826~AMT*B6*200~SVC*HC:T1020*200*200*0580*1~DTM*472*20130827~AMT*B6*200~SVC*HC:T1020*200*200*0580*1~DTM*472*20130828~AMT*B6*200~SVC*HC:T1020*200*200*0580*1~DTM*472*20130829~AMT*B6*200~SVC*HC:T1020*200*200*0580*1~DTM*472*20130830~AMT*B6*200~CLP*2574420012011983SUP*1*508.26*508.26**16*0916201318763~NM1*QC*1*Toussaint*Miguel****MI*93702919600~NM1*82*2*Sunnyside Citywide Home Care Services*****XX*1154407492~DTM*232*20130824~DTM*233*20130830~DTM*050*20130916~AMT*AU*508.26~SVC*HC:S5125*63.04*63.04*0580*16~DTM*472*20130824~AMT*B6*63.04~SVC*HC:S5125*63.04*63.04*0580*16~DTM*472*20130825~AMT*B6*63.04~SVC*HC:S5125*78.8*78.8*0580*20~DTM*472*20130826~AMT*B6*78.8~SVC*HC:S5125*78.8*78.8*0580*20~DTM*472*20130827~AMT*B6*78.8~SVC*HC:S5125*78.8*78.8*0580*20~DTM*472*20130828~AMT*B6*78.8~SVC*HC:S5125*66.98*66.98*0580*17~DTM*472*20130829~AMT*B6*66.98~SVC*HC:S5125*78.8*78.8*0580*20~DTM*472*20130830~AMT*B6*78.8~CLP*2574470012011982SUP*1*1200*1200**16*0916201318768~NM1*QC*1*Vega*Adelaida****MI*93702952000~NM1*82*2*Sunnyside Citywide Home Care Services*****XX*1154407492~DTM*232*20130824~DTM*233*20130830~DTM*050*20130916~AMT*AU*1200~SVC*HC:S5126*200*200*0580*1~DTM*472*20130824~AMT*B6*200~SVC*HC:S5126*200*200*0580*1~DTM*472*20130825~AMT*B6*200~SVC*HC:S5126*200*200*0580*1~DTM*472*20130826~AMT*B6*200~SVC*HC:S5126*200*200*0580*1~DTM*472*20130827~AMT*B6*200~SVC*HC:S5126*200*200*0580*1~DTM*472*20130829~AMT*B6*200~SVC*HC:S5126*200*200*0580*1~DTM*472*20130830~AMT*B6*200~CLP*2574520012012077SUP*1*126.08*126.08**16*0916201318773~NM1*QC*1*Ward*Althea****MI*93703608100~NM1*82*2*Sunnyside Citywide Home Care Services*****XX*1154407492~DTM*232*20130826~DTM*233*20130830~DTM*050*20130916~AMT*AU*126.08~SVC*HC:S5125*31.52*31.52*0580*8~DTM*472*20130826~AMT*B6*31.52~SVC*HC:S5125*31.52*31.52*0580*8~DTM*472*20130828~AMT*B6*31.52~SVC*HC:S5125*31.52*31.52*0580*8~DTM*472*20130829~AMT*B6*31.52~SVC*HC:S5125*31.52*31.52*0580*8~DTM*472*20130830~AMT*B6*31.52~CLP*2574530012012079SUP*1*58.4*58.4**16*0916201318774~NM1*QC*1*Ward*Althea****MI*93703608100~NM1*82*2*Sunnyside Citywide Home Care Services*****XX*1154407492~DTM*232*20130824~DTM*233*20130824~DTM*050*20130916~AMT*AU*58.4~SVC*HC:S5131*58.4*58.4*0580*16~DTM*472*20130824~AMT*B6*58.4~CLP*2564520012006118SUP*1*803.76*803.76**16*0916201318801~NM1*QC*1*Ali*Amrunissa****MI*93703296700~NM1*82*2*Sunnyside Citywide Home Care Services*****XX*1154407492~DTM*232*20130817~DTM*233*20130823~DTM*050*20130916~AMT*AU*803.76~SVC*HC:S5125*94.56*94.56*0580*24~DTM*472*20130817~AMT*B6*94.56~SVC*HC:S5125*141.84*141.84*0580*36~DTM*472*20130819~AMT*B6*141.84~SVC*HC:S5125*141.84*141.84*0580*36~DTM*472*20130820~AMT*B6*141.84~SVC*HC:S5125*141.84*141.84*0580*36~DTM*472*20130821~AMT*B6*141.84~SVC*HC:S5125*141.84*141.84*0580*36~DTM*472*20130822~AMT*B6*141.84~SVC*HC:S5125*141.84*141.84*0580*36~DTM*472*20130823~AMT*B6*141.84~CLP*2564630012011960SUP*1*464.92*464.92**16*0916201318812~NM1*QC*1*Bustamente*Gabriel****MI*93702523200~NM1*82*2*Sunnyside Citywide Home Care Services*****XX*1154407492~DTM*232*20130817~DTM*233*20130823~DTM*050*20130916~AMT*AU*464.92~SVC*HC:S5125*70.92*70.92*0580*18~DTM*472*20130817~AMT*B6*70.92~SVC*HC:S5125*78.8*78.8*0580*20~DTM*472*20130819~AMT*B6*78.8~SVC*HC:S5125*78.8*78.8*0580*20~DTM*472*20130820~AMT*B6*78.8~SVC*HC:S5125*78.8*78.8*0580*20~DTM*472*20130821~AMT*B6*78.8~SVC*HC:S5125*78.8*78.8*0580*20~DTM*472*20130822~AMT*B6*78.8~SVC*HC:S5125*78.8*78.8*0580*20~DTM*472*20130823~AMT*B6*78.8~CLP*2564710012002769SUP*1*157.6*157.6**16*0916201318820~NM1*QC*1*Cepeda*Tomasa****MI*93700964900~NM1*82*2*Sunnyside Citywide Home Care Services*****XX*1154407492~DTM*232*20130817~DTM*233*20130818~DTM*050*20130916~AMT*AU*157.6~SVC*HC:S5125*78.8*78.8*0580*20~DTM*472*20130817~AMT*B6*78.8~SVC*HC:S5125*78.8*78.8*0580*20~DTM*472*20130818~AMT*B6*78.8~CLP*2564720012002769SUP*1*441.28*441.28**16*0916201318821~NM1*QC*1*Cepeda*Tomasa****MI*93700964900~NM1*82*2*Sunnyside Citywide Home Care Services*****XX*1154407492~DTM*232*20130819~DTM*233*20130823~DTM*050*20130916~AMT*AU*441.28~SVC*HC:S5125*94.56*94.56*0580*24~DTM*472*20130819~AMT*B6*94.56~SVC*HC:S5125*94.56*94.56*0580*24~DTM*472*20130820~AMT*B6*94.56~SVC*HC:S5125*94.56*94.56*0580*24~DTM*472*20130821~AMT*B6*94.56~SVC*HC:S5125*78.8*78.8*0580*20~DTM*472*20130822~AMT*B6*78.8~SVC*HC:S5125*78.8*78.8*0580*20~DTM*472*20130823~AMT*B6*78.8~CLP*2565230012011848SUP*1*693.44*693.44**16*0916201318872~NM1*QC*1*Lanzilotta*Rosa****MI*93702509600~NM1*82*2*Sunnyside Citywide Home Care Services*****XX*1154407492~DTM*232*20130817~DTM*233*20130823~DTM*050*20130916~AMT*AU*693.44~SVC*HC:S5125*63.04*63.04*0580*16~DTM*472*20130817~AMT*B6*63.04~SVC*HC:S5125*63.04*63.04*0580*16~DTM*472*20130818~AMT*B6*63.04~SVC*HC:S5125*126.08*126.08*0580*32~DTM*472*20130819~AMT*B6*126.08~SVC*HC:S5125*126.08*126.08*0580*32~DTM*472*20130820~AMT*B6*126.08~SVC*HC:S5125*63.04*63.04*0580*16~DTM*472*20130821~AMT*B6*63.04~SVC*HC:S5125*126.08*126.08*0580*32~DTM*472*20130822~AMT*B6*126.08~SVC*HC:S5125*126.08*126.08*0580*32~DTM*472*20130823~AMT*B6*126.08~CLP*2565300012011845SUP*1*189.12*189.12**16*0916201318879~NM1*QC*1*Lugo*Dolores****MI*93702878100~NM1*82*2*Sunnyside Citywide Home Care Services*****XX*1154407492~DTM*232*20130820~DTM*233*20130822~DTM*050*20130916~AMT*AU*189.12~SVC*HC:S5125*63.04*63.04*0580*16~DTM*472*20130820~AMT*B6*63.04~SVC*HC:S5125*63.04*63.04*0580*16~DTM*472*20130821~AMT*B6*63.04~SVC*HC:S5125*63.04*63.04*0580*16~DTM*472*20130822~AMT*B6*63.04~CLP*2565660012009232SUP*1*425.52*425.52**16*0916201318916~NM1*QC*1*Perez*Maria****MI*93703475500~NM1*82*2*Sunnyside Citywide Home Care Services*****XX*1154407492~DTM*232*20130813~DTM*233*20130822~DTM*050*20130916~AMT*AU*425.52~SVC*HC:T1019*47.28*47.28*0580*12~DTM*472*20130813~AMT*B6*47.28~SVC*HC:T1019*94.56*94.56*0580*24~DTM*472*20130819~AMT*B6*94.56~SVC*HC:T1019*94.56*94.56*0580*24~DTM*472*20130820~AMT*B6*94.56~SVC*HC:T1019*94.56*94.56*0580*24~DTM*472*20130821~AMT*B6*94.56~SVC*HC:T1019*94.56*94.56*0580*24~DTM*472*20130822~AMT*B6*94.56~CLP*2565700012002109SUP*1*502.8*502.8**16*0916201318920~NM1*QC*1*Proano*Alicia****MI*93700845900~NM1*82*2*Sunnyside Citywide Home Care Services*****XX*1154407492~DTM*232*20130817~DTM*233*20130822~DTM*050*20130916~AMT*AU*502.8~SVC*HC:S5125:TT*83.8*83.8*0580*20~DTM*472*20130817~AMT*B6*83.8~SVC*HC:S5125:TT*83.8*83.8*0580*20~DTM*472*20130818~AMT*B6*83.8~SVC*HC:S5125:TT*83.8*83.8*0580*20~DTM*472*20130819~AMT*B6*83.8~SVC*HC:S5125:TT*83.8*83.8*0580*20~DTM*472*20130820~AMT*B6*83.8~SVC*HC:S5125:TT*83.8*83.8*0580*20~DTM*472*20130821~AMT*B6*83.8~SVC*HC:S5125:TT*83.8*83.8*0580*20~DTM*472*20130822~AMT*B6*83.8~CLP*2565850012012056SUP*1*740.72*740.72**16*0916201318935~NM1*QC*1*Rodriguez*Juan****MI*93702665700~NM1*82*2*Sunnyside Citywide Home Care Services*****XX*1154407492~DTM*232*20130817~DTM*233*20130823~DTM*050*20130916~AMT*AU*740.72~SVC*HC:S5125*94.56*94.56*0580*24~DTM*472*20130817~AMT*B6*94.56~SVC*HC:S5125*94.56*94.56*0580*24~DTM*472*20130818~AMT*B6*94.56~SVC*HC:S5125*110.32*110.32*0580*28~DTM*472*20130819~AMT*B6*110.32~SVC*HC:S5125*110.32*110.32*0580*28~DTM*472*20130820~AMT*B6*110.32~SVC*HC:S5125*110.32*110.32*0580*28~DTM*472*20130821~AMT*B6*110.32~SVC*HC:S5125*110.32*110.32*0580*28~DTM*472*20130822~AMT*B6*110.32~SVC*HC:S5125*110.32*110.32*0580*28~DTM*472*20130823~AMT*B6*110.32~CLP*2565990012011788SUP*1*335.2*335.2**16*0916201318949~NM1*QC*1*Santiago*Victorio****MI*93701469700~NM1*82*2*Sunnyside Citywide Home Care Services*****XX*1154407492~DTM*232*20130819~DTM*233*20130823~DTM*050*20130916~AMT*AU*335.2~SVC*HC:T1019:TT*67.04*67.04*0580*16~DTM*472*20130819~AMT*B6*67.04~SVC*HC:T1019:TT*67.04*67.04*0580*16~DTM*472*20130820~AMT*B6*67.04~SVC*HC:T1019:TT*67.04*67.04*0580*16~DTM*472*20130821~AMT*B6*67.04~SVC*HC:T1019:TT*67.04*67.04*0580*16~DTM*472*20130822~AMT*B6*67.04~SVC*HC:T1019:TT*67.04*67.04*0580*16~DTM*472*20130823~AMT*B6*67.04~CLP*2566030012013226SUP*1*1400*1400**16*0916201318953~NM1*QC*1*Swaby*Clarence****MI*93704635800~NM1*82*2*Sunnyside Citywide Home Care Services*****XX*1154407492~DTM*232*20130817~DTM*233*20130823~DTM*050*20130916~AMT*AU*1400~SVC*HC:T1020*200*200*0580*1~DTM*472*20130817~AMT*B6*200~SVC*HC:T1020*200*200*0580*1~DTM*472*20130818~AMT*B6*200~SVC*HC:T1020*200*200*0580*1~DTM*472*20130819~AMT*B6*200~SVC*HC:T1020*200*200*0580*1~DTM*472*20130820~AMT*B6*200~SVC*HC:T1020*200*200*0580*1~DTM*472*20130821~AMT*B6*200~SVC*HC:T1020*200*200*0580*1~DTM*472*20130822~AMT*B6*200~SVC*HC:T1020*200*200*0580*1~DTM*472*20130823~AMT*B6*200~CLP*2566090012011983SUP*1*441.28*441.28**16*0916201318959~NM1*QC*1*Toussaint*Miguel****MI*93702919600~NM1*82*2*Sunnyside Citywide Home Care Services*****XX*1154407492~DTM*232*20130817~DTM*233*20130823~DTM*050*20130916~AMT*AU*441.28~SVC*HC:S5125*63.04*63.04*0580*16~DTM*472*20130817~AMT*B6*63.04~SVC*HC:S5125*63.04*63.04*0580*16~DTM*472*20130818~AMT*B6*63.04~SVC*HC:S5125*78.8*78.8*0580*20~DTM*472*20130819~AMT*B6*78.8~SVC*HC:S5125*78.8*78.8*0580*20~DTM*472*20130821~AMT*B6*78.8~SVC*HC:S5125*78.8*78.8*0580*20~DTM*472*20130822~AMT*B6*78.8~SVC*HC:S5125*78.8*78.8*0580*20~DTM*472*20130823~AMT*B6*78.8~CLP*2566140012011982SUP*1*1400*1400**16*0916201318964~NM1*QC*1*Vega*Adelaida****MI*93702952000~NM1*82*2*Sunnyside Citywide Home Care Services*****XX*1154407492~DTM*232*20130817~DTM*233*20130823~DTM*050*20130916~AMT*AU*1400~SVC*HC:S5126*200*200*0580*1~DTM*472*20130817~AMT*B6*200~SVC*HC:S5126*200*200*0580*1~DTM*472*20130818~AMT*B6*200~SVC*HC:S5126*200*200*0580*1~DTM*472*20130819~AMT*B6*200~SVC*HC:S5126*200*200*0580*1~DTM*472*20130820~AMT*B6*200~SVC*HC:S5126*200*200*0580*1~DTM*472*20130821~AMT*B6*200~SVC*HC:S5126*200*200*0580*1~DTM*472*20130822~AMT*B6*200~SVC*HC:S5126*200*200*0580*1~DTM*472*20130823~AMT*B6*200~CLP*2566200012012077SUP*1*126.08*126.08**16*0916201318970~NM1*QC*1*Ward*Althea****MI*93703608100~NM1*82*2*Sunnyside Citywide Home Care Services*****XX*1154407492~DTM*232*20130819~DTM*233*20130822~DTM*050*20130916~AMT*AU*126.08~SVC*HC:S5125*31.52*31.52*0580*8~DTM*472*20130819~AMT*B6*31.52~SVC*HC:S5125*31.52*31.52*0580*8~DTM*472*20130820~AMT*B6*31.52~SVC*HC:S5125*31.52*31.52*0580*8~DTM*472*20130821~AMT*B6*31.52~SVC*HC:S5125*31.52*31.52*0580*8~DTM*472*20130822~AMT*B6*31.52~CLP*2566210012012079SUP*1*58.4*58.4**16*0916201318971~NM1*QC*1*Ward*Althea****MI*93703608100~NM1*82*2*Sunnyside Citywide Home Care Services*****XX*1154407492~DTM*232*20130817~DTM*233*20130817~DTM*050*20130916~AMT*AU*58.4~SVC*HC:S5131*58.4*58.4*0580*16~DTM*472*20130817~AMT*B6*58.4~CLP*2583000012006118SUP*1*803.76*803.76**16*0916201319001~NM1*QC*1*Ali*Amrunissa****MI*93703296700~NM1*82*2*Sunnyside Citywide Home Care Services*****XX*1154407492~DTM*232*20130831~DTM*233*20130906~DTM*050*20130916~AMT*AU*803.76~SVC*HC:S5125*94.56*94.56*0580*24~DTM*472*20130831~AMT*B6*94.56~SVC*HC:S5125*141.84*141.84*0580*36~DTM*472*20130902~AMT*B6*141.84~SVC*HC:S5125*141.84*141.84*0580*36~DTM*472*20130903~AMT*B6*141.84~SVC*HC:S5125*141.84*141.84*0580*36~DTM*472*20130904~AMT*B6*141.84~SVC*HC:S5125*141.84*141.84*0580*36~DTM*472*20130905~AMT*B6*141.84~SVC*HC:S5125*141.84*141.84*0580*36~DTM*472*20130906~AMT*B6*141.84~CLP*2583130012011960SUP*1*70.92*70.92**16*0916201319014~NM1*QC*1*Bustamente*Gabriel****MI*93702523200~NM1*82*2*Sunnyside Citywide Home Care Services*****XX*1154407492~DTM*232*20130831~DTM*233*20130831~DTM*050*20130916~AMT*AU*70.92~SVC*HC:S5125*70.92*70.92*0580*18~DTM*472*20130831~AMT*B6*70.92~CLP*2583140012011960SUP*1*394*394**16*0916201319015~NM1*QC*1*Bustamente*Gabriel****MI*93702523200~NM1*82*2*Sunnyside Citywide Home Care Services*****XX*1154407492~DTM*232*20130902~DTM*233*20130906~DTM*050*20130916~AMT*AU*394~SVC*HC:S5125*78.8*78.8*0580*20~DTM*472*20130902~AMT*B6*78.8~SVC*HC:S5125*78.8*78.8*0580*20~DTM*472*20130903~AMT*B6*78.8~SVC*HC:S5125*78.8*78.8*0580*20~DTM*472*20130904~AMT*B6*78.8~SVC*HC:S5125*78.8*78.8*0580*20~DTM*472*20130905~AMT*B6*78.8~SVC*HC:S5125*78.8*78.8*0580*20~DTM*472*20130906~AMT*B6*78.8~CLP*2583220012002769SUP*1*94.56*94.56**16*0916201319023~NM1*QC*1*Cepeda*Tomasa****MI*93700964900~NM1*82*2*Sunnyside Citywide Home Care Services*****XX*1154407492~DTM*232*20130805~DTM*233*20130805~DTM*050*20130916~AMT*AU*94.56~SVC*HC:S5125*94.56*94.56*0580*24~DTM*472*20130805~AMT*B6*94.56~CLP*2583230012002769SUP*1*94.56*94.56**16*0916201319024~NM1*QC*1*Cepeda*Tomasa****MI*93700964900~NM1*82*2*Sunnyside Citywide Home Care Services*****XX*1154407492~DTM*232*20130906~DTM*233*20130906~DTM*050*20130916~AMT*AU*94.56~SVC*HC:S5125*94.56*94.56*0580*24~DTM*472*20130906~AMT*B6*94.56~CLP*2583350012013946SUP*1*516.14*516.14**16*0916201319036~NM1*QC*1*Done*Susana****MI*93704706900~NM1*82*2*Sunnyside Citywide Home Care Services*****XX*1154407492~DTM*232*20130821~DTM*233*20130828~DTM*050*20130916~AMT*AU*516.14~SVC*HC:S5125*126.08*126.08*0580*32~DTM*472*20130821~AMT*B6*126.08~SVC*HC:S5125*126.08*126.08*0580*32~DTM*472*20130822~AMT*B6*126.08~SVC*HC:S5125*15.76*15.76*0580*4~DTM*472*20130826~AMT*B6*15.76~SVC*HC:S5125*122.14*122.14*0580*31~DTM*472*20130827~AMT*B6*122.14~SVC*HC:S5125*126.08*126.08*0580*32~DTM*472*20130828~AMT*B6*126.08~CLP*2583850012011848SUP*1*153.04*153.04**16*0916201319086~NM1*QC*1*Lanzilotta*Rosa****MI*93702509600~NM1*82*2*Sunnyside Citywide Home Care Services*****XX*1154407492~DTM*232*20130711~DTM*233*20130831~DTM*050*20130916~AMT*AU*153.04~SVC*HC:T1030*90*90*0580*1~DTM*472*20130711~AMT*B6*90~SVC*HC:S5125*63.04*63.04*0580*16~DTM*472*20130831~AMT*B6*63.04~CLP*2583860012011848SUP*1*630.4*583.12**16*0916201319087~NM1*QC*1*Lanzilotta*Rosa****MI*93702509600~NM1*82*2*Sunnyside Citywide Home Care Services*****XX*1154407492~DTM*232*20130901~DTM*233*20130906~DTM*050*20130916~AMT*AU*630.4~SVC*HC:S5125*63.04*63.04*0580*16~DTM*472*20130901~AMT*B6*63.04~SVC*HC:S5125*126.08*126.08*0580*32~DTM*472*20130902~AMT*B6*126.08~SVC*HC:S5125*126.08*126.08*0580*32~DTM*472*20130903~AMT*B6*126.08~SVC*HC:S5125*63.04*63.04*0580*16~DTM*472*20130904~AMT*B6*63.04~SVC*HC:S5125*126.08*78.8*0580*20~DTM*472*20130905~CAS*OA*62*47.28~AMT*B6*126.08~SVC*HC:S5125*126.08*126.08*0580*32~DTM*472*20130906~AMT*B6*126.08~CLP*2583930012011845SUP*1*126.08*94.56**16*0916201319094~NM1*QC*1*Lugo*Dolores****MI*93702878100~NM1*82*2*Sunnyside Citywide Home Care Services*****XX*1154407492~DTM*232*20130904~DTM*233*20130905~DTM*050*20130916~AMT*AU*126.08~SVC*HC:S5125*63.04*47.28*0580*12~DTM*472*20130904~CAS*OA*62*15.76~AMT*B6*63.04~SVC*HC:S5125*63.04*47.28*0580*12~DTM*472*20130905~CAS*OA*62*15.76~AMT*B6*63.04~CLP*2584040012011965SUP*4*3100.78*0**16*0916201319106~NM1*QC*1*Mateo*Rafael****MI*93704189600~NM1*82*2*Sunnyside Citywide Home Care Services*****XX*1154407492~DTM*232*20130803~DTM*233*20130901~DTM*050*20130916~AMT*AU*3100.78~SVC*HC:S5125*94.56*0*0580*0~DTM*472*20130803~CAS*OA*15*94.56~AMT*B6*94.56~SVC*HC:S5125*94.56*0*0580*0~DTM*472*20130804~CAS*OA*15*94.56~AMT*B6*94.56~SVC*HC:S5125*43.34*0*0580*0~DTM*472*20130805~CAS*OA*15*43.34~AMT*B6*43.34~SVC*HC:S5125*110.32*0*0580*0~DTM*472*20130806~CAS*OA*15*110.32~AMT*B6*110.32~SVC*HC:S5125*110.32*0*0580*0~DTM*472*20130807~CAS*OA*15*110.32~AMT*B6*110.32~SVC*HC:S5125*110.32*0*0580*0~DTM*472*20130808~CAS*OA*15*110.32~AMT*B6*110.32~SVC*HC:S5125*126.08*0*0580*0~DTM*472*20130809~CAS*OA*15*126.08~AMT*B6*126.08~SVC*HC:S5125*94.56*0*0580*0~DTM*472*20130810~CAS*OA*15*94.56~AMT*B6*94.56~SVC*HC:S5125*94.56*0*0580*0~DTM*472*20130811~CAS*OA*15*94.56~AMT*B6*94.56~SVC*HC:S5125*110.32*0*0580*0~DTM*472*20130812~CAS*OA*15*110.32~AMT*B6*110.32~SVC*HC:S5125*110.32*0*0580*0~DTM*472*20130813~CAS*OA*15*110.32~AMT*B6*110.32~SVC*HC:S5125*110.32*0*0580*0~DTM*472*20130814~CAS*OA*15*110.32~AMT*B6*110.32~SVC*HC:S5125*110.32*0*0580*0~DTM*472*20130815~CAS*OA*15*110.32~AMT*B6*110.32~SVC*HC:S5125*126.08*0*0580*0~DTM*472*20130816~CAS*OA*15*126.08~AMT*B6*126.08~SVC*HC:S5125*94.56*0*0580*0~DTM*472*20130817~CAS*OA*15*94.56~AMT*B6*94.56~SVC*HC:S5125*94.56*0*0580*0~DTM*472*20130818~CAS*OA*15*94.56~AMT*B6*94.56~SVC*HC:S5125*63.04*0*0580*0~DTM*472*20130819~CAS*OA*15*63.04~AMT*B6*63.04~SVC*HC:S5125*110.32*0*0580*0~DTM*472*20130820~CAS*OA*15*110.32~AMT*B6*110.32~SVC*HC:S5125*110.32*0*0580*0~DTM*472*20130821~CAS*OA*15*110.32~AMT*B6*110.32~SVC*HC:S5125*110.32*0*0580*0~DTM*472*20130822~CAS*OA*15*110.32~AMT*B6*110.32~SVC*HC:S5125*126.08*0*0580*0~DTM*472*20130823~CAS*OA*15*126.08~AMT*B6*126.08~SVC*HC:S5125*94.56*0*0580*0~DTM*472*20130824~CAS*OA*15*94.56~AMT*B6*94.56~SVC*HC:S5125*94.56*0*0580*0~DTM*472*20130825~CAS*OA*15*94.56~AMT*B6*94.56~SVC*HC:S5125*110.32*0*0580*0~DTM*472*20130826~CAS*OA*15*110.32~AMT*B6*110.32~SVC*HC:S5125*110.32*0*0580*0~DTM*472*20130827~CAS*OA*15*110.32~AMT*B6*110.32~SVC*HC:S5125*110.32*0*0580*0~DTM*472*20130828~CAS*OA*15*110.32~AMT*B6*110.32~SVC*HC:S5125*110.32*0*0580*0~DTM*472*20130829~CAS*OA*15*110.32~AMT*B6*110.32~SVC*HC:S5125*126.08*0*0580*0~DTM*472*20130830~CAS*OA*15*126.08~AMT*B6*126.08~SVC*HC:S5125*94.56*0*0580*0~DTM*472*20130831~CAS*OA*15*94.56~AMT*B6*94.56~SVC*HC:S5125*94.56*0*0580*0~DTM*472*20130901~CAS*OA*15*94.56~AMT*B6*94.56~CLP*2584400012009232SUP*1*472.8*472.8**16*0916201319142~NM1*QC*1*Perez*Maria****MI*93703475500~NM1*82*2*Sunnyside Citywide Home Care Services*****XX*1154407492~DTM*232*20130902~DTM*233*20130906~DTM*050*20130916~AMT*AU*472.8~SVC*HC:T1019*94.56*94.56*0580*24~DTM*472*20130902~AMT*B6*94.56~SVC*HC:T1019*94.56*94.56*0580*24~DTM*472*20130903~AMT*B6*94.56~SVC*HC:T1019*94.56*94.56*0580*24~DTM*472*20130904~AMT*B6*94.56~SVC*HC:T1019*94.56*94.56*0580*24~DTM*472*20130905~AMT*B6*94.56~SVC*HC:T1019*94.56*94.56*0580*24~DTM*472*20130906~AMT*B6*94.56~CLP*2584460012002109SUP*4*90*0**16*0916201319148~NM1*QC*1*Proano*Alicia****MI*93700845900~NM1*82*2*Sunnyside Citywide Home Care Services*****XX*1154407492~DTM*232*20130715~DTM*233*20130715~DTM*050*20130916~AMT*AU*90~SVC*HC:T1030*90*0*0580*0~DTM*472*20130715~CAS*OA*15*90~AMT*B6*90~CLP*2584470012002109SUP*1*502.8*502.8**16*0916201319149~NM1*QC*1*Proano*Alicia****MI*93700845900~NM1*82*2*Sunnyside Citywide Home Care Services*****XX*1154407492~DTM*232*20130831~DTM*233*20130906~DTM*050*20130916~AMT*AU*502.8~SVC*HC:S5125:TT*83.8*83.8*0580*20~DTM*472*20130831~AMT*B6*83.8~SVC*HC:S5125:TT*83.8*83.8*0580*20~DTM*472*20130901~AMT*B6*83.8~SVC*HC:S5125:TT*83.8*83.8*0580*20~DTM*472*20130902~AMT*B6*83.8~SVC*HC:S5125:TT*83.8*83.8*0580*20~DTM*472*20130904~AMT*B6*83.8~SVC*HC:S5125:TT*83.8*83.8*0580*20~DTM*472*20130905~AMT*B6*83.8~SVC*HC:S5125:TT*83.8*83.8*0580*20~DTM*472*20130906~AMT*B6*83.8~CLP*2584660012012056SUP*1*94.56*94.56**16*0916201319168~NM1*QC*1*Rodriguez*Juan****MI*93702665700~NM1*82*2*Sunnyside Citywide Home Care Services*****XX*1154407492~DTM*232*20130831~DTM*233*20130831~DTM*050*20130916~AMT*AU*94.56~SVC*HC:S5125*94.56*94.56*0580*24~DTM*472*20130831~AMT*B6*94.56~CLP*2584670012012056SUP*1*551.6*551.6**16*0916201319169~NM1*QC*1*Rodriguez*Juan****MI*93702665700~NM1*82*2*Sunnyside Citywide Home Care Services*****XX*1154407492~DTM*232*20130902~DTM*233*20130906~DTM*050*20130916~AMT*AU*551.6~SVC*HC:S5125*110.32*110.32*0580*28~DTM*472*20130902~AMT*B6*110.32~SVC*HC:S5125*110.32*110.32*0580*28~DTM*472*20130903~AMT*B6*110.32~SVC*HC:S5125*110.32*110.32*0580*28~DTM*472*20130904~AMT*B6*110.32~SVC*HC:S5125*110.32*110.32*0580*28~DTM*472*20130905~AMT*B6*110.32~SVC*HC:S5125*110.32*110.32*0580*28~DTM*472*20130906~AMT*B6*110.32~CLP*2584840012011859SUP*4*15.76*0**16*0916201319186~NM1*QC*1*Santiago*Iveth****MI*93703401100~NM1*82*2*Sunnyside Citywide Home Care Services*****XX*1154407492~DTM*232*20130712~DTM*233*20130712~DTM*050*20130916~AMT*AU*15.76~SVC*HC:S5125*15.76*0*0580*0~DTM*472*20130712~CAS*OA*62*15.76~AMT*B6*15.76~CLP*2584850012011859SUP*4*4365*0**16*0916201319187~NM1*QC*1*Santiago*Iveth****MI*93703401100~NM1*82*2*Sunnyside Citywide Home Care Services*****XX*1154407492~DTM*232*20130831~DTM*233*20130906~DTM*050*20130916~AMT*AU*4365~SVC*HC:T1030*630*0*0580*0~DTM*472*20130831~CAS*OA*62*630~AMT*B6*630~SVC*HC:T1030*585*0*0580*0~DTM*472*20130901~CAS*OA*62*585~AMT*B6*585~SVC*HC:T1030*630*0*0580*0~DTM*472*20130902~CAS*OA*62*630~AMT*B6*630~SVC*HC:T1030*630*0*0580*0~DTM*472*20130903~CAS*OA*62*630~AMT*B6*630~SVC*HC:T1030*630*0*0580*0~DTM*472*20130904~CAS*OA*62*630~AMT*B6*630~SVC*HC:T1030*630*0*0580*0~DTM*472*20130905~CAS*OA*62*630~AMT*B6*630~SVC*HC:T1030*630*0*0580*0~DTM*472*20130906~CAS*OA*62*630~AMT*B6*630~CLP*2584860012011788SUP*4*90*0**16*0916201319188~NM1*QC*1*Santiago*Victorio****MI*93701469700~NM1*82*2*Sunnyside Citywide Home Care Services*****XX*1154407492~DTM*232*20130618~DTM*233*20130618~DTM*050*20130916~AMT*AU*90~SVC*HC:T1030*90*0*0580*0~DTM*472*20130618~CAS*OA*15*90~AMT*B6*90~CLP*2584870012011788SUP*1*695.2*425.2**16*0916201319189~NM1*QC*1*Santiago*Victorio****MI*93701469700~NM1*82*2*Sunnyside Citywide Home Care Services*****XX*1154407492~DTM*232*20130702~DTM*233*20130906~DTM*050*20130916~AMT*AU*695.2~SVC*HC:T1030*90*0*0580*0~DTM*472*20130702~CAS*OA*15*90~AMT*B6*90~SVC*HC:T1030*90*90*0580*1~DTM*472*20130711~AMT*B6*90~SVC*HC:T1030*90*0*0580*0~DTM*472*20130717~CAS*OA*15*90~AMT*B6*90~SVC*HC:T1030*90*0*0580*0~DTM*472*20130731~CAS*OA*15*90~AMT*B6*90~SVC*HC:T1019:TT*67.04*67.04*0580*16~DTM*472*20130902~AMT*B6*67.04~SVC*HC:T1019:TT*67.04*67.04*0580*16~DTM*472*20130903~AMT*B6*67.04~SVC*HC:T1019:TT*67.04*67.04*0580*16~DTM*472*20130904~AMT*B6*67.04~SVC*HC:T1019:TT*67.04*67.04*0580*16~DTM*472*20130905~AMT*B6*67.04~SVC*HC:T1019:TT*67.04*67.04*0580*16~DTM*472*20130906~AMT*B6*67.04~CLP*2584930012013226SUP*1*560*200**16*0916201319195~NM1*QC*1*Swaby*Clarence****MI*93704635800~NM1*82*2*Sunnyside Citywide Home Care Services*****XX*1154407492~DTM*232*20130529~DTM*233*20130831~DTM*050*20130916~AMT*AU*560~SVC*HC:T1030*90*0*0580*0~DTM*472*20130529~CAS*OA*15*90~AMT*B6*90~SVC*HC:T1030*90*0*0580*0~DTM*472*20130608~CAS*OA*15*90~AMT*B6*90~SVC*HC:T1030*90*0*0580*0~DTM*472*20130620~CAS*OA*15*90~AMT*B6*90~SVC*HC:T1030*90*0*0580*0~DTM*472*20130730~CAS*OA*15*90~AMT*B6*90~SVC*HC:T1020*200*200*0580*1~DTM*472*20130831~AMT*B6*200~CLP*2584940012013226SUP*1*1200*1200**16*0916201319196~NM1*QC*1*Swaby*Clarence****MI*93704635800~NM1*82*2*Sunnyside Citywide Home Care Services*****XX*1154407492~DTM*232*20130901~DTM*233*20130906~DTM*050*20130916~AMT*AU*1200~SVC*HC:T1020*200*200*0580*1~DTM*472*20130901~AMT*B6*200~SVC*HC:T1020*200*200*0580*1~DTM*472*20130902~AMT*B6*200~SVC*HC:T1020*200*200*0580*1~DTM*472*20130903~AMT*B6*200~SVC*HC:T1020*200*200*0580*1~DTM*472*20130904~AMT*B6*200~SVC*HC:T1020*200*200*0580*1~DTM*472*20130905~AMT*B6*200~SVC*HC:T1020*200*200*0580*1~DTM*472*20130906~AMT*B6*200~CLP*2585010012011983SUP*1*520.08*520.08**16*0916201319204~NM1*QC*1*Toussaint*Miguel****MI*93702919600~NM1*82*2*Sunnyside Citywide Home Care Services*****XX*1154407492~DTM*232*20130831~DTM*233*20130906~DTM*050*20130916~AMT*AU*520.08~SVC*HC:S5125*63.04*63.04*0580*16~DTM*472*20130831~AMT*B6*63.04~SVC*HC:S5125*63.04*63.04*0580*16~DTM*472*20130901~AMT*B6*63.04~SVC*HC:S5125*78.8*78.8*0580*20~DTM*472*20130902~AMT*B6*78.8~SVC*HC:S5125*78.8*78.8*0580*20~DTM*472*20130903~AMT*B6*78.8~SVC*HC:S5125*78.8*78.8*0580*20~DTM*472*20130904~AMT*B6*78.8~SVC*HC:S5125*78.8*78.8*0580*20~DTM*472*20130905~AMT*B6*78.8~SVC*HC:S5125*78.8*78.8*0580*20~DTM*472*20130906~AMT*B6*78.8~CLP*2585070012011982SUP*1*200*200**16*0916201319210~NM1*QC*1*Vega*Adelaida****MI*93702952000~NM1*82*2*Sunnyside Citywide Home Care Services*****XX*1154407492~DTM*232*20130831~DTM*233*20130831~DTM*050*20130916~AMT*AU*200~SVC*HC:S5126*200*200*0580*1~DTM*472*20130831~AMT*B6*200~CLP*2585080012011982SUP*1*1200*1200**16*0916201319211~NM1*QC*1*Vega*Adelaida****MI*93702952000~NM1*82*2*Sunnyside Citywide Home Care Services*****XX*1154407492~DTM*232*20130901~DTM*233*20130906~DTM*050*20130916~AMT*AU*1200~SVC*HC:S5126*200*200*0580*1~DTM*472*20130901~AMT*B6*200~SVC*HC:S5126*200*200*0580*1~DTM*472*20130902~AMT*B6*200~SVC*HC:S5126*200*200*0580*1~DTM*472*20130903~AMT*B6*200~SVC*HC:S5126*200*200*0580*1~DTM*472*20130904~AMT*B6*200~SVC*HC:S5126*200*200*0580*1~DTM*472*20130905~AMT*B6*200~SVC*HC:S5126*200*200*0580*1~DTM*472*20130906~AMT*B6*200~CLP*2585150012012079SUP*4*135.05*0**16*0916201319218~NM1*QC*1*Ward*Althea****MI*93703608100~NM1*82*2*Sunnyside Citywide Home Care Services*****XX*1154407492~DTM*232*20130902~DTM*233*20130906~DTM*050*20130916~AMT*AU*135.05~SVC*HC:S5131*29.2*0*0580*0~DTM*472*20130902~CAS*OA*62*29.2~AMT*B6*29.2~SVC*HC:S5131*29.2*0*0580*0~DTM*472*20130903~CAS*OA*62*29.2~AMT*B6*29.2~SVC*HC:S5131*29.2*0*0580*0~DTM*472*20130904~CAS*OA*62*29.2~AMT*B6*29.2~SVC*HC:S5131*25.55*0*0580*0~DTM*472*20130905~CAS*OA*62*25.55~AMT*B6*25.55~SVC*HC:S5131*21.9*0*0580*0~DTM*472*20130906~CAS*OA*62*21.9~AMT*B6*21.9~LX*2~CLP*2592000012006118SUP*1*799.82*799.82**16*0920201358701~NM1*QC*1*Ali*Amrunissa****MI*93703296700~NM1*82*2*Sunnyside Citywide Home Care Services*****XX*1154407492~DTM*232*20130907~DTM*233*20130913~DTM*050*20130920~AMT*AU*799.82~SVC*HC:S5125*94.56*94.56*0580*24~DTM*472*20130907~AMT*B6*94.56~SVC*HC:S5125*137.9*137.9*0580*35~DTM*472*20130909~AMT*B6*137.9~SVC*HC:S5125*141.84*141.84*0580*36~DTM*472*20130910~AMT*B6*141.84~SVC*HC:S5125*141.84*141.84*0580*36~DTM*472*20130911~AMT*B6*141.84~SVC*HC:S5125*141.84*141.84*0580*36~DTM*472*20130912~AMT*B6*141.84~SVC*HC:S5125*141.84*141.84*0580*36~DTM*472*20130913~AMT*B6*141.84~CLP*2592110012011960SUP*1*457.04*457.04**16*0920201358712~NM1*QC*1*Bustamente*Gabriel****MI*93702523200~NM1*82*2*Sunnyside Citywide Home Care Services*****XX*1154407492~DTM*232*20130907~DTM*233*20130913~DTM*050*20130920~AMT*AU*457.04~SVC*HC:S5125*63.04*63.04*0580*16~DTM*472*20130907~AMT*B6*63.04~SVC*HC:S5125*78.8*78.8*0580*20~DTM*472*20130909~AMT*B6*78.8~SVC*HC:S5125*78.8*78.8*0580*20~DTM*472*20130910~AMT*B6*78.8~SVC*HC:S5125*78.8*78.8*0580*20~DTM*472*20130911~AMT*B6*78.8~SVC*HC:S5125*78.8*78.8*0580*20~DTM*472*20130912~AMT*B6*78.8~SVC*HC:S5125*78.8*78.8*0580*20~DTM*472*20130913~AMT*B6*78.8~CLP*2592200012002769SUP*1*157.6*63.04**16*0920201358721~NM1*QC*1*Cepeda*Tomasa****MI*93700964900~NM1*82*2*Sunnyside Citywide Home Care Services*****XX*1154407492~DTM*232*20130827~DTM*233*20130827~DTM*050*20130920~AMT*AU*157.6~SVC*HC:S5125*157.6*63.04*0580*16~DTM*472*20130827~CAS*OA*62*94.56~AMT*B6*157.6~CLP*2592210012002769SUP*1*630.4*630.4**16*0920201358722~NM1*QC*1*Cepeda*Tomasa****MI*93700964900~NM1*82*2*Sunnyside Citywide Home Care Services*****XX*1154407492~DTM*232*20130907~DTM*233*20130913~DTM*050*20130920~AMT*AU*630.4~SVC*HC:S5125*78.8*78.8*0580*20~DTM*472*20130907~AMT*B6*78.8~SVC*HC:S5125*78.8*78.8*0580*20~DTM*472*20130908~AMT*B6*78.8~SVC*HC:S5125*94.56*94.56*0580*24~DTM*472*20130909~AMT*B6*94.56~SVC*HC:S5125*94.56*94.56*0580*24~DTM*472*20130910~AMT*B6*94.56~SVC*HC:S5125*94.56*94.56*0580*24~DTM*472*20130911~AMT*B6*94.56~SVC*HC:S5125*94.56*94.56*0580*24~DTM*472*20130912~AMT*B6*94.56~SVC*HC:S5125*94.56*94.56*0580*24~DTM*472*20130913~AMT*B6*94.56~CLP*2592320012013946SUP*1*378.24*378.24**16*0920201358733~NM1*QC*1*Done*Susana****MI*93704706900~NM1*82*2*Sunnyside Citywide Home Care Services*****XX*1154407492~DTM*232*20130908~DTM*233*20130913~DTM*050*20130920~AMT*AU*378.24~SVC*HC:S5125*126.08*126.08*0580*32~DTM*472*20130908~AMT*B6*126.08~SVC*HC:S5125*126.08*126.08*0580*32~DTM*472*20130911~AMT*B6*126.08~SVC*HC:S5125*126.08*126.08*0580*32~DTM*472*20130913~AMT*B6*126.08~CLP*2592750012011848SUP*1*756.48*756.48**16*0920201358776~NM1*QC*1*Lanzilotta*Rosa****MI*93702509600~NM1*82*2*Sunnyside Citywide Home Care Services*****XX*1154407492~DTM*232*20130907~DTM*233*20130913~DTM*050*20130920~AMT*AU*756.48~SVC*HC:S5125*63.04*63.04*0580*16~DTM*472*20130907~AMT*B6*63.04~SVC*HC:S5125*63.04*63.04*0580*16~DTM*472*20130908~AMT*B6*63.04~SVC*HC:S5125*126.08*126.08*0580*32~DTM*472*20130909~AMT*B6*126.08~SVC*HC:S5125*126.08*126.08*0580*32~DTM*472*20130910~AMT*B6*126.08~SVC*HC:S5125*126.08*126.08*0580*32~DTM*472*20130911~AMT*B6*126.08~SVC*HC:S5125*126.08*126.08*0580*32~DTM*472*20130912~AMT*B6*126.08~SVC*HC:S5125*126.08*126.08*0580*32~DTM*472*20130913~AMT*B6*126.08~CLP*2592820012011845SUP*1*189.12*141.84**16*0920201358783~NM1*QC*1*Lugo*Dolores****MI*93702878100~NM1*82*2*Sunnyside Citywide Home Care Services*****XX*1154407492~DTM*232*20130910~DTM*233*20130912~DTM*050*20130920~AMT*AU*189.12~SVC*HC:S5125*63.04*47.28*0580*12~DTM*472*20130910~CAS*OA*62*15.76~AMT*B6*63.04~SVC*HC:S5125*63.04*47.28*0580*12~DTM*472*20130911~CAS*OA*62*15.76~AMT*B6*63.04~SVC*HC:S5125*63.04*47.28*0580*12~DTM*472*20130912~CAS*OA*62*15.76~AMT*B6*63.04~CLP*2593100012011916SUP*1*450*270**16*0920201358812~NM1*QC*1*Ortiz*Anthony****MI*93700799800~NM1*82*2*Sunnyside Citywide Home Care Services*****XX*1154407492~DTM*232*20130531~DTM*233*20130724~DTM*050*20130920~AMT*AU*450~SVC*HC:T1030*90*90*0580*1~DTM*472*20130531~AMT*B6*90~SVC*HC:T1030*90*90*0580*1~DTM*472*20130612~AMT*B6*90~SVC*HC:T1030*90*90*0580*1~DTM*472*20130627~AMT*B6*90~SVC*HC:T1030*90*0*0580*0~DTM*472*20130712~CAS*OA*62*90~AMT*B6*90~SVC*HC:T1030*90*0*0580*0~DTM*472*20130724~CAS*OA*62*90~AMT*B6*90~CLP*2593110012011916SUP*1*3309.6*3309.6**16*0920201358813~NM1*QC*1*Ortiz*Anthony****MI*93700799800~NM1*82*2*Sunnyside Citywide Home Care Services*****XX*1154407492~DTM*232*20130803~DTM*233*20130913~DTM*050*20130920~AMT*AU*3309.6~SVC*HC:S5125*110.32*110.32*0580*28~DTM*472*20130803~AMT*B6*110.32~SVC*HC:S5125*110.32*110.32*0580*28~DTM*472*20130805~AMT*B6*110.32~SVC*HC:S5125*110.32*110.32*0580*28~DTM*472*20130806~AMT*B6*110.32~SVC*HC:S5125*110.32*110.32*0580*28~DTM*472*20130807~AMT*B6*110.32~SVC*HC:S5125*110.32*110.32*0580*28~DTM*472*20130808~AMT*B6*110.32~SVC*HC:S5125*110.32*110.32*0580*28~DTM*472*20130809~AMT*B6*110.32~SVC*HC:S5125*110.32*110.32*0580*28~DTM*472*20130817~AMT*B6*110.32~SVC*HC:S5125*110.32*110.32*0580*28~DTM*472*20130819~AMT*B6*110.32~SVC*HC:S5125*110.32*110.32*0580*28~DTM*472*20130820~AMT*B6*110.32~SVC*HC:S5125*110.32*110.32*0580*28~DTM*472*20130821~AMT*B6*110.32~SVC*HC:S5125*110.32*110.32*0580*28~DTM*472*20130822~AMT*B6*110.32~SVC*HC:S5125*110.32*110.32*0580*28~DTM*472*20130823~AMT*B6*110.32~SVC*HC:S5125*110.32*110.32*0580*28~DTM*472*20130824~AMT*B6*110.32~SVC*HC:S5125*110.32*110.32*0580*28~DTM*472*20130826~AMT*B6*110.32~SVC*HC:S5125*110.32*110.32*0580*28~DTM*472*20130827~AMT*B6*110.32~SVC*HC:S5125*110.32*110.32*0580*28~DTM*472*20130828~AMT*B6*110.32~SVC*HC:S5125*110.32*110.32*0580*28~DTM*472*20130829~AMT*B6*110.32~SVC*HC:S5125*110.32*110.32*0580*28~DTM*472*20130830~AMT*B6*110.32~SVC*HC:S5125*110.32*110.32*0580*28~DTM*472*20130831~AMT*B6*110.32~SVC*HC:S5125*110.32*110.32*0580*28~DTM*472*20130902~AMT*B6*110.32~SVC*HC:S5125*110.32*110.32*0580*28~DTM*472*20130903~AMT*B6*110.32~SVC*HC:S5125*110.32*110.32*0580*28~DTM*472*20130904~AMT*B6*110.32~SVC*HC:S5125*110.32*110.32*0580*28~DTM*472*20130905~AMT*B6*110.32~SVC*HC:S5125*110.32*110.32*0580*28~DTM*472*20130906~AMT*B6*110.32~SVC*HC:S5125*110.32*110.32*0580*28~DTM*472*20130907~AMT*B6*110.32~SVC*HC:S5125*110.32*110.32*0580*28~DTM*472*20130909~AMT*B6*110.32~SVC*HC:S5125*110.32*110.32*0580*28~DTM*472*20130910~AMT*B6*110.32~SVC*HC:S5125*110.32*110.32*0580*28~DTM*472*20130911~AMT*B6*110.32~SVC*HC:S5125*110.32*110.32*0580*28~DTM*472*20130912~AMT*B6*110.32~SVC*HC:S5125*110.32*110.32*0580*28~DTM*472*20130913~AMT*B6*110.32~CLP*2593200012009232SUP*1*378.24*378.24**16*0920201358822~NM1*QC*1*Perez*Maria****MI*93703475500~NM1*82*2*Sunnyside Citywide Home Care Services*****XX*1154407492~DTM*232*20130909~DTM*233*20130912~DTM*050*20130920~AMT*AU*378.24~SVC*HC:T1019*94.56*94.56*0580*24~DTM*472*20130909~AMT*B6*94.56~SVC*HC:T1019*94.56*94.56*0580*24~DTM*472*20130910~AMT*B6*94.56~SVC*HC:T1019*94.56*94.56*0580*24~DTM*472*20130911~AMT*B6*94.56~SVC*HC:T1019*94.56*94.56*0580*24~DTM*472*20130912~AMT*B6*94.56~CLP*2593240012002109SUP*1*586.6*586.6**16*0920201358826~NM1*QC*1*Proano*Alicia****MI*93700845900~NM1*82*2*Sunnyside Citywide Home Care Services*****XX*1154407492~DTM*232*20130907~DTM*233*20130913~DTM*050*20130920~AMT*AU*586.6~SVC*HC:S5125:TT*83.8*83.8*0580*20~DTM*472*20130907~AMT*B6*83.8~SVC*HC:S5125:TT*83.8*83.8*0580*20~DTM*472*20130908~AMT*B6*83.8~SVC*HC:S5125:TT*83.8*83.8*0580*20~DTM*472*20130909~AMT*B6*83.8~SVC*HC:S5125:TT*83.8*83.8*0580*20~DTM*472*20130910~AMT*B6*83.8~SVC*HC:S5125:TT*83.8*83.8*0580*20~DTM*472*20130911~AMT*B6*83.8~SVC*HC:S5125:TT*83.8*83.8*0580*20~DTM*472*20130912~AMT*B6*83.8~SVC*HC:S5125:TT*83.8*83.8*0580*20~DTM*472*20130913~AMT*B6*83.8~CLP*2593390012012056SUP*1*740.72*740.72**16*0920201358841~NM1*QC*1*Rodriguez*Juan****MI*93702665700~NM1*82*2*Sunnyside Citywide Home Care Services*****XX*1154407492~DTM*232*20130907~DTM*233*20130913~DTM*050*20130920~AMT*AU*740.72~SVC*HC:S5125*94.56*94.56*0580*24~DTM*472*20130907~AMT*B6*94.56~SVC*HC:S5125*94.56*94.56*0580*24~DTM*472*20130908~AMT*B6*94.56~SVC*HC:S5125*110.32*110.32*0580*28~DTM*472*20130909~AMT*B6*110.32~SVC*HC:S5125*110.32*110.32*0580*28~DTM*472*20130910~AMT*B6*110.32~SVC*HC:S5125*110.32*110.32*0580*28~DTM*472*20130911~AMT*B6*110.32~SVC*HC:S5125*110.32*110.32*0580*28~DTM*472*20130912~AMT*B6*110.32~SVC*HC:S5125*110.32*110.32*0580*28~DTM*472*20130913~AMT*B6*110.32~CLP*2593530012011859SUP*1*2155.18*2155.18**16*0920201358855~NM1*QC*1*Santiago*Iveth****MI*93703401100~NM1*82*2*Sunnyside Citywide Home Care Services*****XX*1154407492~DTM*232*20130805~DTM*233*20130913~DTM*050*20130920~AMT*AU*2155.18~SVC*HC:S5125*110.32*110.32*0580*28~DTM*472*20130805~AMT*B6*110.32~SVC*HC:S5125*110.32*110.32*0580*28~DTM*472*20130806~AMT*B6*110.32~SVC*HC:S5125*110.32*110.32*0580*28~DTM*472*20130807~AMT*B6*110.32~SVC*HC:S5125*110.32*110.32*0580*28~DTM*472*20130808~AMT*B6*110.32~SVC*HC:S5125*110.32*110.32*0580*28~DTM*472*20130809~AMT*B6*110.32~SVC*HC:S5125*110.32*110.32*0580*28~DTM*472*20130812~AMT*B6*110.32~SVC*HC:S5125*110.32*110.32*0580*28~DTM*472*20130813~AMT*B6*110.32~SVC*HC:S5125*78.8*78.8*0580*20~DTM*472*20130814~AMT*B6*78.8~SVC*HC:S5125*110.32*110.32*0580*28~DTM*472*20130815~AMT*B6*110.32~SVC*HC:S5125*110.32*110.32*0580*28~DTM*472*20130816~AMT*B6*110.32~SVC*HC:S5125*110.32*110.32*0580*28~DTM*472*20130821~AMT*B6*110.32~SVC*HC:S5125*110.32*110.32*0580*28~DTM*472*20130822~AMT*B6*110.32~SVC*HC:S5125*110.32*110.32*0580*28~DTM*472*20130823~AMT*B6*110.32~SVC*HC:S5125*110.32*110.32*0580*28~DTM*472*20130907~AMT*B6*110.32~SVC*HC:S5125*110.32*110.32*0580*28~DTM*472*20130908~AMT*B6*110.32~SVC*HC:S5125*106.38*106.38*0580*27~DTM*472*20130909~AMT*B6*106.38~SVC*HC:S5125*106.38*106.38*0580*27~DTM*472*20130910~AMT*B6*106.38~SVC*HC:S5125*110.32*110.32*0580*28~DTM*472*20130911~AMT*B6*110.32~SVC*HC:S5125*102.44*102.44*0580*26~DTM*472*20130912~AMT*B6*102.44~SVC*HC:S5125*106.38*106.38*0580*27~DTM*472*20130913~AMT*B6*106.38~CLP*2593540012011788SUP*1*331.01*331.01**16*0920201358856~NM1*QC*1*Santiago*Victorio****MI*93701469700~NM1*82*2*Sunnyside Citywide Home Care Services*****XX*1154407492~DTM*232*20130909~DTM*233*20130913~DTM*050*20130920~AMT*AU*331.01~SVC*HC:T1019:TT*67.04*67.04*0580*16~DTM*472*20130909~AMT*B6*67.04~SVC*HC:T1019:TT*62.85*62.85*0580*15~DTM*472*20130910~AMT*B6*62.85~SVC*HC:T1019:TT*67.04*67.04*0580*16~DTM*472*20130911~AMT*B6*67.04~SVC*HC:T1019:TT*67.04*67.04*0580*16~DTM*472*20130912~AMT*B6*67.04~SVC*HC:T1019:TT*67.04*67.04*0580*16~DTM*472*20130913~AMT*B6*67.04~CLP*2593600012013226SUP*1*1400*1400**16*0920201358862~NM1*QC*1*Swaby*Clarence****MI*93704635800~NM1*82*2*Sunnyside Citywide Home Care Services*****XX*1154407492~DTM*232*20130907~DTM*233*20130913~DTM*050*20130920~AMT*AU*1400~SVC*HC:T1020*200*200*0580*1~DTM*472*20130907~AMT*B6*200~SVC*HC:T1020*200*200*0580*1~DTM*472*20130908~AMT*B6*200~SVC*HC:T1020*200*200*0580*1~DTM*472*20130909~AMT*B6*200~SVC*HC:T1020*200*200*0580*1~DTM*472*20130910~AMT*B6*200~SVC*HC:T1020*200*200*0580*1~DTM*472*20130911~AMT*B6*200~SVC*HC:T1020*200*200*0580*1~DTM*472*20130912~AMT*B6*200~SVC*HC:T1020*200*200*0580*1~DTM*472*20130913~AMT*B6*200~CLP*2593670012011983SUP*1*496.44*496.44**16*0920201358869~NM1*QC*1*Toussaint*Miguel****MI*93702919600~NM1*82*2*Sunnyside Citywide Home Care Services*****XX*1154407492~DTM*232*20130907~DTM*233*20130913~DTM*050*20130920~AMT*AU*496.44~SVC*HC:S5125*63.04*63.04*0580*16~DTM*472*20130907~AMT*B6*63.04~SVC*HC:S5125*63.04*63.04*0580*16~DTM*472*20130908~AMT*B6*63.04~SVC*HC:S5125*78.8*78.8*0580*20~DTM*472*20130909~AMT*B6*78.8~SVC*HC:S5125*78.8*78.8*0580*20~DTM*472*20130910~AMT*B6*78.8~SVC*HC:S5125*78.8*78.8*0580*20~DTM*472*20130911~AMT*B6*78.8~SVC*HC:S5125*78.8*78.8*0580*20~DTM*472*20130912~AMT*B6*78.8~SVC*HC:S5125*55.16*55.16*0580*14~DTM*472*20130913~AMT*B6*55.16~CLP*2593720012011982SUP*1*1000*1000**16*0920201358874~NM1*QC*1*Vega*Adelaida****MI*93702952000~NM1*82*2*Sunnyside Citywide Home Care Services*****XX*1154407492~DTM*232*20130908~DTM*233*20130913~DTM*050*20130920~AMT*AU*1000~SVC*HC:S5126*200*200*0580*1~DTM*472*20130908~AMT*B6*200~SVC*HC:S5126*200*200*0580*1~DTM*472*20130909~AMT*B6*200~SVC*HC:S5126*200*200*0580*1~DTM*472*20130911~AMT*B6*200~SVC*HC:S5126*200*200*0580*1~DTM*472*20130912~AMT*B6*200~SVC*HC:S5126*200*200*0580*1~DTM*472*20130913~AMT*B6*200~CLP*2593780012012079SUP*1*58.4*58.4**16*0920201358880~NM1*QC*1*Ward*Althea****MI*93703608100~NM1*82*2*Sunnyside Citywide Home Care Services*****XX*1154407492~DTM*232*20130907~DTM*233*20130907~DTM*050*20130920~AMT*AU*58.4~SVC*HC:S5131*58.4*58.4*0580*16~DTM*472*20130907~AMT*B6*58.4~SE*2461*00001~GE*1*1~IEA*1*000177809~