ISA*00*          *00*          *ZZ*GUILDNET       *ZZ*SUNNYSIDEGN    *130820*1229*^*00501*000172236*0*P*:~
GS*HP*GUILDNET*SUNNYSIDEGN*20130820*1229*1*X*005010X221A1~
ST*835*00001~
BPR*I*95348.2*C*CHK************20130822~
TRN*1*120175*1999999999~
DTM*405*20130820~
N1*PR*GuildNet Managed Long Term Care~
N3*15 West 65th St.~
N4*New York*NY*10023~
PER*CX*Geri Taylor*TE*2127697857~
PER*BL*Geri Taylor*TE*2127697857~
N1*PE*Sunnyside Citywide Home*FI*113502051~
N3*43-31 39th Street~
N4*Sunnyside*NY*11104~
LX*1~
CLP*2487080012011036*22*-78.8*-78.8**16*0703201331509~
NM1*QC*1*Massol*Pedro Antonio****MI*GNT04564600~
NM1*82*2*Sunnyside Citywide Home Care Services*****XX*1154407492~
DTM*232*20130625~
DTM*233*20130625~
DTM*050*20130703~
SVC*HC:S5125*-78.8*-78.8*0572*-20~
DTM*472*20130625~
AMT*B6*-78.8~
LX*2~
CLP*2278880012012493*4*60.48*0**16*0730201316701~
NM1*QC*1*Espinoza*Lupe****MI*GNT06559300~
NM1*82*2*Sunnyside Citywide Home Care Services*****XX*1154407492~
DTM*232*20130101~
DTM*233*20130101~
DTM*050*20130730~
AMT*AU*60.48~
SVC*HC:T1019*60.48*0*0572*0~
DTM*472*20130101~
CAS*PI*197*124.16~
CAS*OA*18*60.48~
AMT*B6*60.48~
CLP*2278880012012493*4*60.48*0**16*0730201316702~
NM1*QC*1*Espinoza*Lupe****MI*GNT06559300~
NM1*82*2*Sunnyside Citywide Home Care Services*****XX*1154407492~
DTM*232*20130102~
DTM*233*20130102~
DTM*050*20130730~
AMT*AU*60.48~
SVC*HC:T1019*60.48*0*0572*0~
DTM*472*20130102~
CAS*PI*197*124.16~
CAS*OA*18*60.48~
AMT*B6*60.48~
CLP*2278880012012493*1*56.7*3.78**16*0730201316703~
NM1*QC*1*Espinoza*Lupe****MI*GNT06559300~
NM1*82*2*Sunnyside Citywide Home Care Services*****XX*1154407492~
DTM*232*20130103~
DTM*233*20130103~
DTM*050*20130730~
AMT*AU*56.7~
SVC*HC:T1019*56.7*3.78*0572*1~
DTM*472*20130103~
CAS*OA*18*52.92**62*15.52~
AMT*B6*56.7~
CLP*2278880012012493*4*60.48*0**16*0730201316704~
NM1*QC*1*Espinoza*Lupe****MI*GNT06559300~
NM1*82*2*Sunnyside Citywide Home Care Services*****XX*1154407492~
DTM*232*20130104~
DTM*233*20130104~
DTM*050*20130730~
AMT*AU*60.48~
SVC*HC:T1019*60.48*0*0572*0~
DTM*472*20130104~
CAS*PI*197*124.16~
CAS*OA*18*60.48~
AMT*B6*60.48~
CLP*2278880012012493*4*60.48*0**16*0730201316705~
NM1*QC*1*Espinoza*Lupe****MI*GNT06559300~
NM1*82*2*Sunnyside Citywide Home Care Services*****XX*1154407492~
DTM*232*20130107~
DTM*233*20130107~
DTM*050*20130730~
AMT*AU*60.48~
SVC*HC:T1019*60.48*0*0572*0~
DTM*472*20130107~
CAS*PI*197*124.16~
CAS*OA*18*60.48~
AMT*B6*60.48~
CLP*2278880012012493*4*60.48*0**16*0730201316706~
NM1*QC*1*Espinoza*Lupe****MI*GNT06559300~
NM1*82*2*Sunnyside Citywide Home Care Services*****XX*1154407492~
DTM*232*20130108~
DTM*233*20130108~
DTM*050*20130730~
AMT*AU*60.48~
SVC*HC:T1019*60.48*0*0572*0~
DTM*472*20130108~
CAS*PI*197*124.16~
CAS*OA*18*60.48~
AMT*B6*60.48~
CLP*2278880012012493*4*60.48*0**16*0730201316707~
NM1*QC*1*Espinoza*Lupe****MI*GNT06559300~
NM1*82*2*Sunnyside Citywide Home Care Services*****XX*1154407492~
DTM*232*20130109~
DTM*233*20130109~
DTM*050*20130730~
AMT*AU*60.48~
SVC*HC:T1019*60.48*0*0572*0~
DTM*472*20130109~
CAS*PI*197*124.16~
CAS*OA*18*60.48~
AMT*B6*60.48~
CLP*2278880012012493*4*60.48*0**16*0730201316708~
NM1*QC*1*Espinoza*Lupe****MI*GNT06559300~
NM1*82*2*Sunnyside Citywide Home Care Services*****XX*1154407492~
DTM*232*20130110~
DTM*233*20130110~
DTM*050*20130730~
AMT*AU*60.48~
SVC*HC:T1019*60.48*0*0572*0~
DTM*472*20130110~
CAS*PI*197*124.16~
CAS*OA*18*60.48~
AMT*B6*60.48~
CLP*2278880012012493*4*60.48*0**16*0730201316709~
NM1*QC*1*Espinoza*Lupe****MI*GNT06559300~
NM1*82*2*Sunnyside Citywide Home Care Services*****XX*1154407492~
DTM*232*20130111~
DTM*233*20130111~
DTM*050*20130730~
AMT*AU*60.48~
SVC*HC:T1019*60.48*0*0572*0~
DTM*472*20130111~
CAS*PI*197*124.16~
CAS*OA*18*60.48~
AMT*B6*60.48~
CLP*2278880012012493*4*60.48*0**16*0730201316710~
NM1*QC*1*Espinoza*Lupe****MI*GNT06559300~
NM1*82*2*Sunnyside Citywide Home Care Services*****XX*1154407492~
DTM*232*20130114~
DTM*233*20130114~
DTM*050*20130730~
AMT*AU*60.48~
SVC*HC:T1019*60.48*0*0572*0~
DTM*472*20130114~
CAS*PI*197*124.16~
CAS*OA*18*60.48~
AMT*B6*60.48~
CLP*2278880012012493*4*60.48*0**16*0730201316711~
NM1*QC*1*Espinoza*Lupe****MI*GNT06559300~
NM1*82*2*Sunnyside Citywide Home Care Services*****XX*1154407492~
DTM*232*20130116~
DTM*233*20130116~
DTM*050*20130730~
AMT*AU*60.48~
SVC*HC:T1019*60.48*0*0572*0~
DTM*472*20130116~
CAS*PI*197*124.16~
CAS*OA*18*60.48~
AMT*B6*60.48~
CLP*2278880012012493*4*60.48*0**16*0730201316712~
NM1*QC*1*Espinoza*Lupe****MI*GNT06559300~
NM1*82*2*Sunnyside Citywide Home Care Services*****XX*1154407492~
DTM*232*20130117~
DTM*233*20130117~
DTM*050*20130730~
AMT*AU*60.48~
SVC*HC:T1019*60.48*0*0572*0~
DTM*472*20130117~
CAS*PI*197*124.16~
CAS*OA*18*60.48~
AMT*B6*60.48~
CLP*2278880012012493*4*60.48*0**16*0730201316713~
NM1*QC*1*Espinoza*Lupe****MI*GNT06559300~
NM1*82*2*Sunnyside Citywide Home Care Services*****XX*1154407492~
DTM*232*20130118~
DTM*233*20130118~
DTM*050*20130730~
AMT*AU*60.48~
SVC*HC:T1019*60.48*0*0572*0~
DTM*472*20130118~
CAS*PI*197*124.16~
CAS*OA*18*60.48~
AMT*B6*60.48~
CLP*2278880012012493*1*49.14*11.34**16*0730201316714~
NM1*QC*1*Espinoza*Lupe****MI*GNT06559300~
NM1*82*2*Sunnyside Citywide Home Care Services*****XX*1154407492~
DTM*232*20130121~
DTM*233*20130121~
DTM*050*20130730~
AMT*AU*49.14~
SVC*HC:T1019*49.14*11.34*0572*3~
DTM*472*20130121~
CAS*OA*18*37.8**62*15.52~
AMT*B6*49.14~
CLP*2278880012012493*4*60.48*0**16*0730201316715~
NM1*QC*1*Espinoza*Lupe****MI*GNT06559300~
NM1*82*2*Sunnyside Citywide Home Care Services*****XX*1154407492~
DTM*232*20130122~
DTM*233*20130122~
DTM*050*20130730~
AMT*AU*60.48~
SVC*HC:T1019*60.48*0*0572*0~
DTM*472*20130122~
CAS*PI*197*124.16~
CAS*OA*18*60.48~
AMT*B6*60.48~
CLP*2278890012012493*4*60.48*0**16*0730201316716~
NM1*QC*1*Espinoza*Lupe****MI*GNT06559300~
NM1*82*2*Sunnyside Citywide Home Care Services*****XX*1154407492~
DTM*232*20130123~
DTM*233*20130123~
DTM*050*20130730~
AMT*AU*60.48~
SVC*HC:T1019*60.48*0*0572*0~
DTM*472*20130123~
CAS*PI*197*124.16~
CAS*OA*18*60.48~
AMT*B6*60.48~
CLP*2278890012012493*4*60.48*0**16*0730201316717~
NM1*QC*1*Espinoza*Lupe****MI*GNT06559300~
NM1*82*2*Sunnyside Citywide Home Care Services*****XX*1154407492~
DTM*232*20130124~
DTM*233*20130124~
DTM*050*20130730~
AMT*AU*60.48~
SVC*HC:T1019*60.48*0*0572*0~
DTM*472*20130124~
CAS*PI*197*124.16~
CAS*OA*18*60.48~
AMT*B6*60.48~
CLP*2278890012012493*4*60.48*0**16*0730201316718~
NM1*QC*1*Espinoza*Lupe****MI*GNT06559300~
NM1*82*2*Sunnyside Citywide Home Care Services*****XX*1154407492~
DTM*232*20130125~
DTM*233*20130125~
DTM*050*20130730~
AMT*AU*60.48~
SVC*HC:T1019*60.48*0*0572*0~
DTM*472*20130125~
CAS*PI*197*124.16~
CAS*OA*18*60.48~
AMT*B6*60.48~
CLP*2278890012012493*1*60.48*60.48**16*0730201316719~
NM1*QC*1*Espinoza*Lupe****MI*GNT06559300~
NM1*82*2*Sunnyside Citywide Home Care Services*****XX*1154407492~
DTM*232*20130128~
DTM*233*20130128~
DTM*050*20130730~
AMT*AU*60.48~
SVC*HC:T1019*60.48*60.48*0572*16~
DTM*472*20130128~
AMT*B6*60.48~
LX*3~
CLP*2524440012011654*1*200*200**16*0802201303107~
NM1*QC*1*Alix*Pedro****MI*GNT03916300~
NM1*82*2*Sunnyside Citywide Home Care Services*****XX*1154407492~
DTM*232*20130720~
DTM*233*20130720~
DTM*050*20130801~
AMT*AU*200~
SVC*HC:S5126*200*200*0572*1~
DTM*472*20130720~
AMT*B6*200~
CLP*2524440012011654*1*200*200**16*0802201303108~
NM1*QC*1*Alix*Pedro****MI*GNT03916300~
NM1*82*2*Sunnyside Citywide Home Care Services*****XX*1154407492~
DTM*232*20130721~
DTM*233*20130721~
DTM*050*20130801~
AMT*AU*200~
SVC*HC:S5126*200*200*0572*1~
DTM*472*20130721~
AMT*B6*200~
CLP*2524440012011654*1*200*200**16*0802201303109~
NM1*QC*1*Alix*Pedro****MI*GNT03916300~
NM1*82*2*Sunnyside Citywide Home Care Services*****XX*1154407492~
DTM*232*20130722~
DTM*233*20130722~
DTM*050*20130801~
AMT*AU*200~
SVC*HC:S5126*200*200*0572*1~
DTM*472*20130722~
AMT*B6*200~
CLP*2524440012011654*1*200*200**16*0802201303110~
NM1*QC*1*Alix*Pedro****MI*GNT03916300~
NM1*82*2*Sunnyside Citywide Home Care Services*****XX*1154407492~
DTM*232*20130723~
DTM*233*20130723~
DTM*050*20130801~
AMT*AU*200~
SVC*HC:S5126*200*200*0572*1~
DTM*472*20130723~
AMT*B6*200~
CLP*2524440012011654*1*200*200**16*0802201303111~
NM1*QC*1*Alix*Pedro****MI*GNT03916300~
NM1*82*2*Sunnyside Citywide Home Care Services*****XX*1154407492~
DTM*232*20130724~
DTM*233*20130724~
DTM*050*20130801~
AMT*AU*200~
SVC*HC:S5126*200*200*0572*1~
DTM*472*20130724~
AMT*B6*200~
CLP*2524440012011654*1*200*200**16*0802201303112~
NM1*QC*1*Alix*Pedro****MI*GNT03916300~
NM1*82*2*Sunnyside Citywide Home Care Services*****XX*1154407492~
DTM*232*20130725~
DTM*233*20130725~
DTM*050*20130801~
AMT*AU*200~
SVC*HC:S5126*200*200*0572*1~
DTM*472*20130725~
AMT*B6*200~
CLP*2524440012011654*1*200*200**16*0802201303113~
NM1*QC*1*Alix*Pedro****MI*GNT03916300~
NM1*82*2*Sunnyside Citywide Home Care Services*****XX*1154407492~
DTM*232*20130726~
DTM*233*20130726~
DTM*050*20130801~
AMT*AU*200~
SVC*HC:S5126*200*200*0572*1~
DTM*472*20130726~
AMT*B6*200~
CLP*2524450012010843*4*126.08*0**16*0802201303114~
NM1*QC*1*Alston*Zuline****MI*GNT06188400~
NM1*82*2*Sunnyside Citywide Home Care Services*****XX*1154407492~
DTM*232*20130720~
DTM*233*20130720~
DTM*050*20130801~
AMT*AU*126.08~
SVC*HC:T1019*126.08*0*0572*0~
DTM*472*20130720~
CAS*OA*15*126.08~
AMT*B6*126.08~
CLP*2524450012010843*4*126.08*0**16*0802201303115~
NM1*QC*1*Alston*Zuline****MI*GNT06188400~
NM1*82*2*Sunnyside Citywide Home Care Services*****XX*1154407492~
DTM*232*20130721~
DTM*233*20130721~
DTM*050*20130801~
AMT*AU*126.08~
SVC*HC:T1019*126.08*0*0572*0~
DTM*472*20130721~
CAS*OA*15*126.08~
AMT*B6*126.08~
CLP*2524450012010843*4*126.08*0**16*0802201303116~
NM1*QC*1*Alston*Zuline****MI*GNT06188400~
NM1*82*2*Sunnyside Citywide Home Care Services*****XX*1154407492~
DTM*232*20130722~
DTM*233*20130722~
DTM*050*20130801~
AMT*AU*126.08~
SVC*HC:T1019*126.08*0*0572*0~
DTM*472*20130722~
CAS*OA*15*126.08~
AMT*B6*126.08~
CLP*2524450012010843*4*126.08*0**16*0802201303117~
NM1*QC*1*Alston*Zuline****MI*GNT06188400~
NM1*82*2*Sunnyside Citywide Home Care Services*****XX*1154407492~
DTM*232*20130723~
DTM*233*20130723~
DTM*050*20130801~
AMT*AU*126.08~
SVC*HC:T1019*126.08*0*0572*0~
DTM*472*20130723~
CAS*OA*15*126.08~
AMT*B6*126.08~
CLP*2524450012010843*4*126.08*0**16*0802201303118~
NM1*QC*1*Alston*Zuline****MI*GNT06188400~
NM1*82*2*Sunnyside Citywide Home Care Services*****XX*1154407492~
DTM*232*20130724~
DTM*233*20130724~
DTM*050*20130801~
AMT*AU*126.08~
SVC*HC:T1019*126.08*0*0572*0~
DTM*472*20130724~
CAS*OA*15*126.08~
AMT*B6*126.08~
CLP*2524450012010843*4*126.08*0**16*0802201303119~
NM1*QC*1*Alston*Zuline****MI*GNT06188400~
NM1*82*2*Sunnyside Citywide Home Care Services*****XX*1154407492~
DTM*232*20130725~
DTM*233*20130725~
DTM*050*20130801~
AMT*AU*126.08~
SVC*HC:T1019*126.08*0*0572*0~
DTM*472*20130725~
CAS*OA*15*126.08~
AMT*B6*126.08~
CLP*2524450012010843*4*126.08*0**16*0802201303120~
NM1*QC*1*Alston*Zuline****MI*GNT06188400~
NM1*82*2*Sunnyside Citywide Home Care Services*****XX*1154407492~
DTM*232*20130726~
DTM*233*20130726~
DTM*050*20130801~
AMT*AU*126.08~
SVC*HC:T1019*126.08*0*0572*0~
DTM*472*20130726~
CAS*OA*15*126.08~
AMT*B6*126.08~
CLP*2524460012012602*1*189.12*189.12**16*0802201303121~
NM1*QC*1*Alvarado*Sara****MI*GNT03713600~
NM1*82*2*Sunnyside Citywide Home Care Services*****XX*1154407492~
DTM*232*20130720~
DTM*233*20130720~
DTM*050*20130801~
AMT*AU*189.12~
SVC*HC:S5125*189.12*189.12*0572*48~
DTM*472*20130720~
AMT*B6*189.12~
CLP*2524460012012602*1*189.12*189.12**16*0802201303122~
NM1*QC*1*Alvarado*Sara****MI*GNT03713600~
NM1*82*2*Sunnyside Citywide Home Care Services*****XX*1154407492~
DTM*232*20130721~
DTM*233*20130721~
DTM*050*20130801~
AMT*AU*189.12~
SVC*HC:S5125*189.12*189.12*0572*48~
DTM*472*20130721~
AMT*B6*189.12~
CLP*2524460012012602*1*141.84*141.84**16*0802201303123~
NM1*QC*1*Alvarado*Sara****MI*GNT03713600~
NM1*82*2*Sunnyside Citywide Home Care Services*****XX*1154407492~
DTM*232*20130722~
DTM*233*20130722~
DTM*050*20130801~
AMT*AU*141.84~
SVC*HC:S5125*141.84*141.84*0572*36~
DTM*472*20130722~
AMT*B6*141.84~
CLP*2524460012012602*1*189.12*189.12**16*0802201303124~
NM1*QC*1*Alvarado*Sara****MI*GNT03713600~
NM1*82*2*Sunnyside Citywide Home Care Services*****XX*1154407492~
DTM*232*20130723~
DTM*233*20130723~
DTM*050*20130801~
AMT*AU*189.12~
SVC*HC:S5125*189.12*189.12*0572*48~
DTM*472*20130723~
AMT*B6*189.12~
CLP*2524460012012602*1*141.84*141.84**16*0802201303125~
NM1*QC*1*Alvarado*Sara****MI*GNT03713600~
NM1*82*2*Sunnyside Citywide Home Care Services*****XX*1154407492~
DTM*232*20130724~
DTM*233*20130724~
DTM*050*20130801~
AMT*AU*141.84~
SVC*HC:S5125*141.84*141.84*0572*36~
DTM*472*20130724~
AMT*B6*141.84~
CLP*2524460012012602*1*189.12*189.12**16*0802201303126~
NM1*QC*1*Alvarado*Sara****MI*GNT03713600~
NM1*82*2*Sunnyside Citywide Home Care Services*****XX*1154407492~
DTM*232*20130725~
DTM*233*20130725~
DTM*050*20130801~
AMT*AU*189.12~
SVC*HC:S5125*189.12*189.12*0572*48~
DTM*472*20130725~
AMT*B6*189.12~
CLP*2524460012012602*1*141.84*141.84**16*0802201303127~
NM1*QC*1*Alvarado*Sara****MI*GNT03713600~
NM1*82*2*Sunnyside Citywide Home Care Services*****XX*1154407492~
DTM*232*20130726~
DTM*233*20130726~
DTM*050*20130801~
AMT*AU*141.84~
SVC*HC:S5125*141.84*141.84*0572*36~
DTM*472*20130726~
AMT*B6*141.84~
CLP*2524470012011581*1*63.04*63.04**16*0802201303128~
NM1*QC*1*Ash*Marie****MI*GNT06270600~
NM1*82*2*Sunnyside Citywide Home Care Services*****XX*1154407492~
DTM*232*20130624~
DTM*233*20130624~
DTM*050*20130801~
AMT*AU*63.04~
SVC*HC:T1019*63.04*63.04*0572*16~
DTM*472*20130624~
AMT*B6*63.04~
CLP*2524470012011581*1*63.04*63.04**16*0802201303129~
NM1*QC*1*Ash*Marie****MI*GNT06270600~
NM1*82*2*Sunnyside Citywide Home Care Services*****XX*1154407492~
DTM*232*20130722~
DTM*233*20130722~
DTM*050*20130801~
AMT*AU*63.04~
SVC*HC:T1019*63.04*63.04*0572*16~
DTM*472*20130722~
AMT*B6*63.04~
CLP*2524470012011581*1*63.04*63.04**16*0802201303130~
NM1*QC*1*Ash*Marie****MI*GNT06270600~
NM1*82*2*Sunnyside Citywide Home Care Services*****XX*1154407492~
DTM*232*20130724~
DTM*233*20130724~
DTM*050*20130801~
AMT*AU*63.04~
SVC*HC:T1019*63.04*63.04*0572*16~
DTM*472*20130724~
AMT*B6*63.04~
CLP*2524470012011581*1*63.04*63.04**16*0802201303131~
NM1*QC*1*Ash*Marie****MI*GNT06270600~
NM1*82*2*Sunnyside Citywide Home Care Services*****XX*1154407492~
DTM*232*20130726~
DTM*233*20130726~
DTM*050*20130801~
AMT*AU*63.04~
SVC*HC:T1019*63.04*63.04*0572*16~
DTM*472*20130726~
AMT*B6*63.04~
CLP*2524480012013678*1*63.04*63.04**16*0802201303132~
NM1*QC*1*BATISTA*LUCILA****MI*GNT07265700~
NM1*82*2*Sunnyside Citywide Home Care Services*****XX*1154407492~
DTM*232*20130722~
DTM*233*20130722~
DTM*050*20130801~
AMT*AU*63.04~
SVC*HC:T1019*63.04*63.04*0572*16~
DTM*472*20130722~
AMT*B6*63.04~
CLP*2524480012013678*1*63.04*63.04**16*0802201303133~
NM1*QC*1*BATISTA*LUCILA****MI*GNT07265700~
NM1*82*2*Sunnyside Citywide Home Care Services*****XX*1154407492~
DTM*232*20130724~
DTM*233*20130724~
DTM*050*20130801~
AMT*AU*63.04~
SVC*HC:T1019*63.04*63.04*0572*16~
DTM*472*20130724~
AMT*B6*63.04~
CLP*2524480012013678*1*63.04*63.04**16*0802201303134~
NM1*QC*1*BATISTA*LUCILA****MI*GNT07265700~
NM1*82*2*Sunnyside Citywide Home Care Services*****XX*1154407492~
DTM*232*20130726~
DTM*233*20130726~
DTM*050*20130801~
AMT*AU*63.04~
SVC*HC:T1019*63.04*63.04*0572*16~
DTM*472*20130726~
AMT*B6*63.04~
CLP*2524490012011503*1*63.04*63.04**16*0802201303135~
NM1*QC*1*Berjashevic*Lime****MI*GNT06467800~
NM1*82*2*Sunnyside Citywide Home Care Services*****XX*1154407492~
DTM*232*20130722~
DTM*233*20130722~
DTM*050*20130801~
AMT*AU*63.04~
SVC*HC:T1019*63.04*63.04*0572*16~
DTM*472*20130722~
AMT*B6*63.04~
CLP*2524490012011503*1*126.08*126.08**16*0802201303136~
NM1*QC*1*Berjashevic*Lime****MI*GNT06467800~
NM1*82*2*Sunnyside Citywide Home Care Services*****XX*1154407492~
DTM*232*20130726~
DTM*233*20130726~
DTM*050*20130801~
AMT*AU*126.08~
SVC*HC:T1019*126.08*126.08*0572*32~
DTM*472*20130726~
AMT*B6*126.08~
CLP*2524500012011979*1*126.08*126.08**16*0802201303137~
NM1*QC*1*Berry*Leonor****MI*GNT03239600~
NM1*82*2*Sunnyside Citywide Home Care Services*****XX*1154407492~
DTM*232*20130722~
DTM*233*20130722~
DTM*050*20130801~
AMT*AU*126.08~
SVC*HC:S5125*126.08*126.08*0572*32~
DTM*472*20130722~
AMT*B6*126.08~
CLP*2524500012011979*1*126.08*126.08**16*0802201303138~
NM1*QC*1*Berry*Leonor****MI*GNT03239600~
NM1*82*2*Sunnyside Citywide Home Care Services*****XX*1154407492~
DTM*232*20130723~
DTM*233*20130723~
DTM*050*20130801~
AMT*AU*126.08~
SVC*HC:S5125*126.08*126.08*0572*32~
DTM*472*20130723~
AMT*B6*126.08~
CLP*2524500012011979*1*126.08*126.08**16*0802201303139~
NM1*QC*1*Berry*Leonor****MI*GNT03239600~
NM1*82*2*Sunnyside Citywide Home Care Services*****XX*1154407492~
DTM*232*20130724~
DTM*233*20130724~
DTM*050*20130801~
AMT*AU*126.08~
SVC*HC:S5125*126.08*126.08*0572*32~
DTM*472*20130724~
AMT*B6*126.08~
CLP*2524500012011979*1*126.08*126.08**16*0802201303140~
NM1*QC*1*Berry*Leonor****MI*GNT03239600~
NM1*82*2*Sunnyside Citywide Home Care Services*****XX*1154407492~
DTM*232*20130725~
DTM*233*20130725~
DTM*050*20130801~
AMT*AU*126.08~
SVC*HC:S5125*126.08*126.08*0572*32~
DTM*472*20130725~
AMT*B6*126.08~
CLP*2524500012011979*1*126.08*126.08**16*0802201303141~
NM1*QC*1*Berry*Leonor****MI*GNT03239600~
NM1*82*2*Sunnyside Citywide Home Care Services*****XX*1154407492~
DTM*232*20130726~
DTM*233*20130726~
DTM*050*20130801~
AMT*AU*126.08~
SVC*HC:S5125*126.08*126.08*0572*32~
DTM*472*20130726~
AMT*B6*126.08~
CLP*2524510012006632*1*141.84*141.84**16*0802201303142~
NM1*QC*1*Bucaro*Concetta****MI*GNT04556300~
NM1*82*2*Sunnyside Citywide Home Care Services*****XX*1154407492~
DTM*232*20130722~
DTM*233*20130722~
DTM*050*20130801~
AMT*AU*141.84~
SVC*HC:S5125*141.84*141.84*0572*36~
DTM*472*20130722~
AMT*B6*141.84~
CLP*2524510012006632*1*141.84*141.84**16*0802201303143~
NM1*QC*1*Bucaro*Concetta****MI*GNT04556300~
NM1*82*2*Sunnyside Citywide Home Care Services*****XX*1154407492~
DTM*232*20130723~
DTM*233*20130723~
DTM*050*20130801~
AMT*AU*141.84~
SVC*HC:S5125*141.84*141.84*0572*36~
DTM*472*20130723~
AMT*B6*141.84~
CLP*2524510012006632*1*141.84*141.84**16*0802201303144~
NM1*QC*1*Bucaro*Concetta****MI*GNT04556300~
NM1*82*2*Sunnyside Citywide Home Care Services*****XX*1154407492~
DTM*232*20130724~
DTM*233*20130724~
DTM*050*20130801~
AMT*AU*141.84~
SVC*HC:S5125*141.84*141.84*0572*36~
DTM*472*20130724~
AMT*B6*141.84~
CLP*2524510012006632*1*141.84*141.84**16*0802201303145~
NM1*QC*1*Bucaro*Concetta****MI*GNT04556300~
NM1*82*2*Sunnyside Citywide Home Care Services*****XX*1154407492~
DTM*232*20130725~
DTM*233*20130725~
DTM*050*20130801~
AMT*AU*141.84~
SVC*HC:S5125*141.84*141.84*0572*36~
DTM*472*20130725~
AMT*B6*141.84~
CLP*2524510012006632*1*141.84*141.84**16*0802201303146~
NM1*QC*1*Bucaro*Concetta****MI*GNT04556300~
NM1*82*2*Sunnyside Citywide Home Care Services*****XX*1154407492~
DTM*232*20130726~
DTM*233*20130726~
DTM*050*20130801~
AMT*AU*141.84~
SVC*HC:S5125*141.84*141.84*0572*36~
DTM*472*20130726~
AMT*B6*141.84~
CLP*2524530012013413*1*94.56*94.56**16*0802201303153~
NM1*QC*1*Cabrera*Mariela****MI*GNT07154900~
NM1*82*2*Sunnyside Citywide Home Care Services*****XX*1154407492~
DTM*232*20130722~
DTM*233*20130722~
DTM*050*20130801~
AMT*AU*94.56~
SVC*HC:T1019*94.56*94.56*0572*24~
DTM*472*20130722~
AMT*B6*94.56~
CLP*2524530012013413*1*94.56*94.56**16*0802201303154~
NM1*QC*1*Cabrera*Mariela****MI*GNT07154900~
NM1*82*2*Sunnyside Citywide Home Care Services*****XX*1154407492~
DTM*232*20130723~
DTM*233*20130723~
DTM*050*20130801~
AMT*AU*94.56~
SVC*HC:T1019*94.56*94.56*0572*24~
DTM*472*20130723~
AMT*B6*94.56~
CLP*2524530012013413*1*94.56*94.56**16*0802201303155~
NM1*QC*1*Cabrera*Mariela****MI*GNT07154900~
NM1*82*2*Sunnyside Citywide Home Care Services*****XX*1154407492~
DTM*232*20130724~
DTM*233*20130724~
DTM*050*20130801~
AMT*AU*94.56~
SVC*HC:T1019*94.56*94.56*0572*24~
DTM*472*20130724~
AMT*B6*94.56~
CLP*2524530012013413*1*94.56*94.56**16*0802201303156~
NM1*QC*1*Cabrera*Mariela****MI*GNT07154900~
NM1*82*2*Sunnyside Citywide Home Care Services*****XX*1154407492~
DTM*232*20130725~
DTM*233*20130725~
DTM*050*20130801~
AMT*AU*94.56~
SVC*HC:T1019*94.56*94.56*0572*24~
DTM*472*20130725~
AMT*B6*94.56~
CLP*2524530012013413*1*94.56*94.56**16*0802201303157~
NM1*QC*1*Cabrera*Mariela****MI*GNT07154900~
NM1*82*2*Sunnyside Citywide Home Care Services*****XX*1154407492~
DTM*232*20130726~
DTM*233*20130726~
DTM*050*20130801~
AMT*AU*94.56~
SVC*HC:T1019*94.56*94.56*0572*24~
DTM*472*20130726~
AMT*B6*94.56~
CLP*2524540012012164*1*189.12*189.12**16*0802201303158~
NM1*QC*1*Calderon*Justina****MI*GNT00036800~
NM1*82*2*Sunnyside Citywide Home Care Services*****XX*1154407492~
DTM*232*20130720~
DTM*233*20130720~
DTM*050*20130801~
AMT*AU*189.12~
SVC*HC:S5125*189.12*189.12*0572*48~
DTM*472*20130720~
AMT*B6*189.12~
CLP*2524540012012164*1*189.12*189.12**16*0802201303159~
NM1*QC*1*Calderon*Justina****MI*GNT00036800~
NM1*82*2*Sunnyside Citywide Home Care Services*****XX*1154407492~
DTM*232*20130721~
DTM*233*20130721~
DTM*050*20130801~
AMT*AU*189.12~
SVC*HC:S5125*189.12*189.12*0572*48~
DTM*472*20130721~
AMT*B6*189.12~
CLP*2524540012012164*1*189.12*189.12**16*0802201303160~
NM1*QC*1*Calderon*Justina****MI*GNT00036800~
NM1*82*2*Sunnyside Citywide Home Care Services*****XX*1154407492~
DTM*232*20130722~
DTM*233*20130722~
DTM*050*20130801~
AMT*AU*189.12~
SVC*HC:S5125*189.12*189.12*0572*48~
DTM*472*20130722~
AMT*B6*189.12~
CLP*2524540012012164*1*189.12*189.12**16*0802201303161~
NM1*QC*1*Calderon*Justina****MI*GNT00036800~
NM1*82*2*Sunnyside Citywide Home Care Services*****XX*1154407492~
DTM*232*20130723~
DTM*233*20130723~
DTM*050*20130801~
AMT*AU*189.12~
SVC*HC:S5125*189.12*189.12*0572*48~
DTM*472*20130723~
AMT*B6*189.12~
CLP*2524540012012164*1*189.12*189.12**16*0802201303162~
NM1*QC*1*Calderon*Justina****MI*GNT00036800~
NM1*82*2*Sunnyside Citywide Home Care Services*****XX*1154407492~
DTM*232*20130724~
DTM*233*20130724~
DTM*050*20130801~
AMT*AU*189.12~
SVC*HC:S5125*189.12*189.12*0572*48~
DTM*472*20130724~
AMT*B6*189.12~
CLP*2524540012012164*1*189.12*189.12**16*0802201303163~
NM1*QC*1*Calderon*Justina****MI*GNT00036800~
NM1*82*2*Sunnyside Citywide Home Care Services*****XX*1154407492~
DTM*232*20130725~
DTM*233*20130725~
DTM*050*20130801~
AMT*AU*189.12~
SVC*HC:S5125*189.12*189.12*0572*48~
DTM*472*20130725~
AMT*B6*189.12~
CLP*2524540012012164*1*189.12*189.12**16*0802201303164~
NM1*QC*1*Calderon*Justina****MI*GNT00036800~
NM1*82*2*Sunnyside Citywide Home Care Services*****XX*1154407492~
DTM*232*20130726~
DTM*233*20130726~
DTM*050*20130801~
AMT*AU*189.12~
SVC*HC:S5125*189.12*189.12*0572*48~
DTM*472*20130726~
AMT*B6*189.12~
CLP*2524550012011912*1*94.56*94.56**16*0802201303165~
NM1*QC*1*Canino*Carmen****MI*GNT02792800~
NM1*82*2*Sunnyside Citywide Home Care Services*****XX*1154407492~
DTM*232*20130722~
DTM*233*20130722~
DTM*050*20130801~
AMT*AU*94.56~
SVC*HC:S5125*94.56*94.56*0572*24~
DTM*472*20130722~
AMT*B6*94.56~
CLP*2524550012011912*1*94.56*94.56**16*0802201303166~
NM1*QC*1*Canino*Carmen****MI*GNT02792800~
NM1*82*2*Sunnyside Citywide Home Care Services*****XX*1154407492~
DTM*232*20130723~
DTM*233*20130723~
DTM*050*20130801~
AMT*AU*94.56~
SVC*HC:S5125*94.56*94.56*0572*24~
DTM*472*20130723~
AMT*B6*94.56~
CLP*2524550012011912*1*94.56*94.56**16*0802201303167~
NM1*QC*1*Canino*Carmen****MI*GNT02792800~
NM1*82*2*Sunnyside Citywide Home Care Services*****XX*1154407492~
DTM*232*20130724~
DTM*233*20130724~
DTM*050*20130801~
AMT*AU*94.56~
SVC*HC:S5125*94.56*94.56*0572*24~
DTM*472*20130724~
AMT*B6*94.56~
CLP*2524550012011912*1*94.56*94.56**16*0802201303168~
NM1*QC*1*Canino*Carmen****MI*GNT02792800~
NM1*82*2*Sunnyside Citywide Home Care Services*****XX*1154407492~
DTM*232*20130725~
DTM*233*20130725~
DTM*050*20130801~
AMT*AU*94.56~
SVC*HC:S5125*94.56*94.56*0572*24~
DTM*472*20130725~
AMT*B6*94.56~
CLP*2524550012011912*1*94.56*94.56**16*0802201303169~
NM1*QC*1*Canino*Carmen****MI*GNT02792800~
NM1*82*2*Sunnyside Citywide Home Care Services*****XX*1154407492~
DTM*232*20130726~
DTM*233*20130726~
DTM*050*20130801~
AMT*AU*94.56~
SVC*HC:S5125*94.56*94.56*0572*24~
DTM*472*20130726~
AMT*B6*94.56~
CLP*2524560012011978*1*63.04*63.04**16*0802201303170~
NM1*QC*1*Caquias*Lillian****MI*GNT02965400~
NM1*82*2*Sunnyside Citywide Home Care Services*****XX*1154407492~
DTM*232*20130726~
DTM*233*20130726~
DTM*050*20130801~
AMT*AU*63.04~
SVC*HC:S5125*63.04*63.04*0572*16~
DTM*472*20130726~
AMT*B6*63.04~
CLP*2524570012011797*1*78.8*78.8**16*0802201303171~
NM1*QC*1*Cartagena*Luz****MI*GNT00039700~
NM1*82*2*Sunnyside Citywide Home Care Services*****XX*1154407492~
DTM*232*20130722~
DTM*233*20130722~
DTM*050*20130801~
AMT*AU*78.8~
SVC*HC:T1019*78.8*78.8*0572*20~
DTM*472*20130722~
AMT*B6*78.8~
CLP*2524570012011797*1*78.8*78.8**16*0802201303172~
NM1*QC*1*Cartagena*Luz****MI*GNT00039700~
NM1*82*2*Sunnyside Citywide Home Care Services*****XX*1154407492~
DTM*232*20130726~
DTM*233*20130726~
DTM*050*20130801~
AMT*AU*78.8~
SVC*HC:T1019*78.8*78.8*0572*20~
DTM*472*20130726~
AMT*B6*78.8~
CLP*2524580012013284*1*126.08*126.08**16*0802201303173~
NM1*QC*1*Castaneda*Miriam****MI*GNT06079700~
NM1*82*2*Sunnyside Citywide Home Care Services*****XX*1154407492~
DTM*232*20130720~
DTM*233*20130720~
DTM*050*20130801~
AMT*AU*126.08~
SVC*HC:S5125*126.08*126.08*0572*32~
DTM*472*20130720~
AMT*B6*126.08~
CLP*2524590012013284*1*63.04*63.04**16*0802201303174~
NM1*QC*1*Castaneda*Miriam****MI*GNT06079700~
NM1*82*2*Sunnyside Citywide Home Care Services*****XX*1154407492~
DTM*232*20130723~
DTM*233*20130723~
DTM*050*20130801~
AMT*AU*63.04~
SVC*HC:S5125*63.04*63.04*0572*16~
DTM*472*20130723~
AMT*B6*63.04~
CLP*2524590012013284*1*63.04*63.04**16*0802201303175~
NM1*QC*1*Castaneda*Miriam****MI*GNT06079700~
NM1*82*2*Sunnyside Citywide Home Care Services*****XX*1154407492~
DTM*232*20130724~
DTM*233*20130724~
DTM*050*20130801~
AMT*AU*63.04~
SVC*HC:S5125*63.04*63.04*0572*16~
DTM*472*20130724~
AMT*B6*63.04~
CLP*2524590012013284*1*63.04*63.04**16*0802201303176~
NM1*QC*1*Castaneda*Miriam****MI*GNT06079700~
NM1*82*2*Sunnyside Citywide Home Care Services*****XX*1154407492~
DTM*232*20130725~
DTM*233*20130725~
DTM*050*20130801~
AMT*AU*63.04~
SVC*HC:S5125*63.04*63.04*0572*16~
DTM*472*20130725~
AMT*B6*63.04~
CLP*2524590012013284*1*63.04*63.04**16*0802201303177~
NM1*QC*1*Castaneda*Miriam****MI*GNT06079700~
NM1*82*2*Sunnyside Citywide Home Care Services*****XX*1154407492~
DTM*232*20130726~
DTM*233*20130726~
DTM*050*20130801~
AMT*AU*63.04~
SVC*HC:S5125*63.04*63.04*0572*16~
DTM*472*20130726~
AMT*B6*63.04~
CLP*2524610012012059*1*50.28*50.28**16*0802201303183~
NM1*QC*1*Chico*Ana****MI*GNT02386300~
NM1*82*2*Sunnyside Citywide Home Care Services*****XX*1154407492~
DTM*232*20130720~
DTM*233*20130720~
DTM*050*20130801~
AMT*AU*50.28~
SVC*HC:S5125:TT*50.28*50.28*0572*12~
DTM*472*20130720~
AMT*B6*50.28~
CLP*2524610012012059*1*50.28*50.28**16*0802201303184~
NM1*QC*1*Chico*Ana****MI*GNT02386300~
NM1*82*2*Sunnyside Citywide Home Care Services*****XX*1154407492~
DTM*232*20130721~
DTM*233*20130721~
DTM*050*20130801~
AMT*AU*50.28~
SVC*HC:S5125:TT*50.28*50.28*0572*12~
DTM*472*20130721~
AMT*B6*50.28~
CLP*2524610012012059*1*50.28*50.28**16*0802201303185~
NM1*QC*1*Chico*Ana****MI*GNT02386300~
NM1*82*2*Sunnyside Citywide Home Care Services*****XX*1154407492~
DTM*232*20130722~
DTM*233*20130722~
DTM*050*20130801~
AMT*AU*50.28~
SVC*HC:S5125:TT*50.28*50.28*0572*12~
DTM*472*20130722~
AMT*B6*50.28~
CLP*2524610012012059*1*50.28*50.28**16*0802201303186~
NM1*QC*1*Chico*Ana****MI*GNT02386300~
NM1*82*2*Sunnyside Citywide Home Care Services*****XX*1154407492~
DTM*232*20130723~
DTM*233*20130723~
DTM*050*20130801~
AMT*AU*50.28~
SVC*HC:S5125:TT*50.28*50.28*0572*12~
DTM*472*20130723~
AMT*B6*50.28~
CLP*2524610012012059*1*50.28*50.28**16*0802201303187~
NM1*QC*1*Chico*Ana****MI*GNT02386300~
NM1*82*2*Sunnyside Citywide Home Care Services*****XX*1154407492~
DTM*232*20130724~
DTM*233*20130724~
DTM*050*20130801~
AMT*AU*50.28~
SVC*HC:S5125:TT*50.28*50.28*0572*12~
DTM*472*20130724~
AMT*B6*50.28~
CLP*2524610012012059*1*50.28*50.28**16*0802201303188~
NM1*QC*1*Chico*Ana****MI*GNT02386300~
NM1*82*2*Sunnyside Citywide Home Care Services*****XX*1154407492~
DTM*232*20130725~
DTM*233*20130725~
DTM*050*20130801~
AMT*AU*50.28~
SVC*HC:S5125:TT*50.28*50.28*0572*12~
DTM*472*20130725~
AMT*B6*50.28~
CLP*2524610012012059*1*50.28*50.28**16*0802201303189~
NM1*QC*1*Chico*Ana****MI*GNT02386300~
NM1*82*2*Sunnyside Citywide Home Care Services*****XX*1154407492~
DTM*232*20130726~
DTM*233*20130726~
DTM*050*20130801~
AMT*AU*50.28~
SVC*HC:S5125:TT*50.28*50.28*0572*12~
DTM*472*20130726~
AMT*B6*50.28~
CLP*2524620012008320*1*126.08*126.08**16*0802201303190~
NM1*QC*1*Colavitti*Jean****MI*GNT04482200~
NM1*82*2*Sunnyside Citywide Home Care Services*****XX*1154407492~
DTM*232*20130720~
DTM*233*20130720~
DTM*050*20130801~
AMT*AU*126.08~
SVC*HC:S5125*126.08*126.08*0572*32~
DTM*472*20130720~
AMT*B6*126.08~
CLP*2524620012008320*1*126.08*126.08**16*0802201303191~
NM1*QC*1*Colavitti*Jean****MI*GNT04482200~
NM1*82*2*Sunnyside Citywide Home Care Services*****XX*1154407492~
DTM*232*20130721~
DTM*233*20130721~
DTM*050*20130801~
AMT*AU*126.08~
SVC*HC:S5125*126.08*126.08*0572*32~
DTM*472*20130721~
AMT*B6*126.08~
CLP*2524620012008320*1*126.08*126.08**16*0802201303192~
NM1*QC*1*Colavitti*Jean****MI*GNT04482200~
NM1*82*2*Sunnyside Citywide Home Care Services*****XX*1154407492~
DTM*232*20130722~
DTM*233*20130722~
DTM*050*20130801~
AMT*AU*126.08~
SVC*HC:S5125*126.08*126.08*0572*32~
DTM*472*20130722~
AMT*B6*126.08~
CLP*2524620012008320*1*126.08*126.08**16*0802201303193~
NM1*QC*1*Colavitti*Jean****MI*GNT04482200~
NM1*82*2*Sunnyside Citywide Home Care Services*****XX*1154407492~
DTM*232*20130723~
DTM*233*20130723~
DTM*050*20130801~
AMT*AU*126.08~
SVC*HC:S5125*126.08*126.08*0572*32~
DTM*472*20130723~
AMT*B6*126.08~
CLP*2524620012008320*1*126.08*126.08**16*0802201303194~
NM1*QC*1*Colavitti*Jean****MI*GNT04482200~
NM1*82*2*Sunnyside Citywide Home Care Services*****XX*1154407492~
DTM*232*20130724~
DTM*233*20130724~
DTM*050*20130801~
AMT*AU*126.08~
SVC*HC:S5125*126.08*126.08*0572*32~
DTM*472*20130724~
AMT*B6*126.08~
CLP*2524620012008320*1*126.08*126.08**16*0802201303195~
NM1*QC*1*Colavitti*Jean****MI*GNT04482200~
NM1*82*2*Sunnyside Citywide Home Care Services*****XX*1154407492~
DTM*232*20130725~
DTM*233*20130725~
DTM*050*20130801~
AMT*AU*126.08~
SVC*HC:S5125*126.08*126.08*0572*32~
DTM*472*20130725~
AMT*B6*126.08~
CLP*2524620012008320*1*126.08*126.08**16*0802201303196~
NM1*QC*1*Colavitti*Jean****MI*GNT04482200~
NM1*82*2*Sunnyside Citywide Home Care Services*****XX*1154407492~
DTM*232*20130726~
DTM*233*20130726~
DTM*050*20130801~
AMT*AU*126.08~
SVC*HC:S5125*126.08*126.08*0572*32~
DTM*472*20130726~
AMT*B6*126.08~
CLP*2524630012009790*1*126.08*126.08**16*0802201303197~
NM1*QC*1*Coleman*Regina****MI*GNT06002000~
NM1*82*2*Sunnyside Citywide Home Care Services*****XX*1154407492~
DTM*232*20130720~
DTM*233*20130720~
DTM*050*20130801~
AMT*AU*126.08~
SVC*HC:S5125*126.08*126.08*0572*32~
DTM*472*20130720~
AMT*B6*126.08~
CLP*2524630012009790*1*126.08*126.08**16*0802201303198~
NM1*QC*1*Coleman*Regina****MI*GNT06002000~
NM1*82*2*Sunnyside Citywide Home Care Services*****XX*1154407492~
DTM*232*20130721~
DTM*233*20130721~
DTM*050*20130801~
AMT*AU*126.08~
SVC*HC:S5125*126.08*126.08*0572*32~
DTM*472*20130721~
AMT*B6*126.08~
CLP*2524630012009790*1*78.8*78.8**16*0802201303199~
NM1*QC*1*Coleman*Regina****MI*GNT06002000~
NM1*82*2*Sunnyside Citywide Home Care Services*****XX*1154407492~
DTM*232*20130722~
DTM*233*20130722~
DTM*050*20130801~
AMT*AU*78.8~
SVC*HC:S5125*78.8*78.8*0572*20~
DTM*472*20130722~
AMT*B6*78.8~
CLP*2524630012009790*1*78.8*78.8**16*0802201303201~
NM1*QC*1*Coleman*Regina****MI*GNT06002000~
NM1*82*2*Sunnyside Citywide Home Care Services*****XX*1154407492~
DTM*232*20130723~
DTM*233*20130723~
DTM*050*20130801~
AMT*AU*78.8~
SVC*HC:S5125*78.8*78.8*0572*20~
DTM*472*20130723~
AMT*B6*78.8~
CLP*2524630012009790*1*78.8*78.8**16*0802201303202~
NM1*QC*1*Coleman*Regina****MI*GNT06002000~
NM1*82*2*Sunnyside Citywide Home Care Services*****XX*1154407492~
DTM*232*20130724~
DTM*233*20130724~
DTM*050*20130801~
AMT*AU*78.8~
SVC*HC:S5125*78.8*78.8*0572*20~
DTM*472*20130724~
AMT*B6*78.8~
CLP*2524630012009790*1*78.8*78.8**16*0802201303203~
NM1*QC*1*Coleman*Regina****MI*GNT06002000~
NM1*82*2*Sunnyside Citywide Home Care Services*****XX*1154407492~
DTM*232*20130725~
DTM*233*20130725~
DTM*050*20130801~
AMT*AU*78.8~
SVC*HC:S5125*78.8*78.8*0572*20~
DTM*472*20130725~
AMT*B6*78.8~
CLP*2524630012009790*1*78.8*78.8**16*0802201303204~
NM1*QC*1*Coleman*Regina****MI*GNT06002000~
NM1*82*2*Sunnyside Citywide Home Care Services*****XX*1154407492~
DTM*232*20130726~
DTM*233*20130726~
DTM*050*20130801~
AMT*AU*78.8~
SVC*HC:S5125*78.8*78.8*0572*20~
DTM*472*20130726~
AMT*B6*78.8~
CLP*2524640012012060*1*63.04*63.04**16*0802201303205~
NM1*QC*1*Colon*Maria****MI*GNT05960000~
NM1*82*2*Sunnyside Citywide Home Care Services*****XX*1154407492~
DTM*232*20130720~
DTM*233*20130720~
DTM*050*20130801~
AMT*AU*63.04~
SVC*HC:S5125*63.04*63.04*0572*16~
DTM*472*20130720~
AMT*B6*63.04~
CLP*2524640012012060*1*63.04*63.04**16*0802201303206~
NM1*QC*1*Colon*Maria****MI*GNT05960000~
NM1*82*2*Sunnyside Citywide Home Care Services*****XX*1154407492~
DTM*232*20130721~
DTM*233*20130721~
DTM*050*20130801~
AMT*AU*63.04~
SVC*HC:S5125*63.04*63.04*0572*16~
DTM*472*20130721~
AMT*B6*63.04~
CLP*2524640012012060*1*189.12*189.12**16*0802201303207~
NM1*QC*1*Colon*Maria****MI*GNT05960000~
NM1*82*2*Sunnyside Citywide Home Care Services*****XX*1154407492~
DTM*232*20130722~
DTM*233*20130722~
DTM*050*20130801~
AMT*AU*189.12~
SVC*HC:S5125*189.12*189.12*0572*48~
DTM*472*20130722~
AMT*B6*189.12~
CLP*2524640012012060*1*189.12*189.12**16*0802201303208~
NM1*QC*1*Colon*Maria****MI*GNT05960000~
NM1*82*2*Sunnyside Citywide Home Care Services*****XX*1154407492~
DTM*232*20130723~
DTM*233*20130723~
DTM*050*20130801~
AMT*AU*189.12~
SVC*HC:S5125*189.12*189.12*0572*48~
DTM*472*20130723~
AMT*B6*189.12~
CLP*2524640012012060*1*189.12*189.12**16*0802201303209~
NM1*QC*1*Colon*Maria****MI*GNT05960000~
NM1*82*2*Sunnyside Citywide Home Care Services*****XX*1154407492~
DTM*232*20130724~
DTM*233*20130724~
DTM*050*20130801~
AMT*AU*189.12~
SVC*HC:S5125*189.12*189.12*0572*48~
DTM*472*20130724~
AMT*B6*189.12~
CLP*2524640012012060*1*189.12*189.12**16*0802201303210~
NM1*QC*1*Colon*Maria****MI*GNT05960000~
NM1*82*2*Sunnyside Citywide Home Care Services*****XX*1154407492~
DTM*232*20130725~
DTM*233*20130725~
DTM*050*20130801~
AMT*AU*189.12~
SVC*HC:S5125*189.12*189.12*0572*48~
DTM*472*20130725~
AMT*B6*189.12~
CLP*2524640012012060*1*189.12*189.12**16*0802201303211~
NM1*QC*1*Colon*Maria****MI*GNT05960000~
NM1*82*2*Sunnyside Citywide Home Care Services*****XX*1154407492~
DTM*232*20130726~
DTM*233*20130726~
DTM*050*20130801~
AMT*AU*189.12~
SVC*HC:S5125*189.12*189.12*0572*48~
DTM*472*20130726~
AMT*B6*189.12~
CLP*2524650012011769*1*94.56*94.56**16*0802201303212~
NM1*QC*1*Comet*Julia****MI*GNT04442600~
NM1*82*2*Sunnyside Citywide Home Care Services*****XX*1154407492~
DTM*232*20130722~
DTM*233*20130722~
DTM*050*20130801~
AMT*AU*94.56~
SVC*HC:T1019*94.56*94.56*0572*24~
DTM*472*20130722~
AMT*B6*94.56~
CLP*2524650012011769*1*94.56*94.56**16*0802201303213~
NM1*QC*1*Comet*Julia****MI*GNT04442600~
NM1*82*2*Sunnyside Citywide Home Care Services*****XX*1154407492~
DTM*232*20130723~
DTM*233*20130723~
DTM*050*20130801~
AMT*AU*94.56~
SVC*HC:T1019*94.56*94.56*0572*24~
DTM*472*20130723~
AMT*B6*94.56~
CLP*2524650012011769*1*94.56*94.56**16*0802201303214~
NM1*QC*1*Comet*Julia****MI*GNT04442600~
NM1*82*2*Sunnyside Citywide Home Care Services*****XX*1154407492~
DTM*232*20130724~
DTM*233*20130724~
DTM*050*20130801~
AMT*AU*94.56~
SVC*HC:T1019*94.56*94.56*0572*24~
DTM*472*20130724~
AMT*B6*94.56~
CLP*2524650012011769*1*94.56*94.56**16*0802201303215~
NM1*QC*1*Comet*Julia****MI*GNT04442600~
NM1*82*2*Sunnyside Citywide Home Care Services*****XX*1154407492~
DTM*232*20130725~
DTM*233*20130725~
DTM*050*20130801~
AMT*AU*94.56~
SVC*HC:T1019*94.56*94.56*0572*24~
DTM*472*20130725~
AMT*B6*94.56~
CLP*2524650012011769*1*94.56*94.56**16*0802201303216~
NM1*QC*1*Comet*Julia****MI*GNT04442600~
NM1*82*2*Sunnyside Citywide Home Care Services*****XX*1154407492~
DTM*232*20130726~
DTM*233*20130726~
DTM*050*20130801~
AMT*AU*94.56~
SVC*HC:T1019*94.56*94.56*0572*24~
DTM*472*20130726~
AMT*B6*94.56~
CLP*2524660012011798*1*126.08*126.08**16*0802201303217~
NM1*QC*1*Cucalon*Ines****MI*GNT05761000~
NM1*82*2*Sunnyside Citywide Home Care Services*****XX*1154407492~
DTM*232*20130720~
DTM*233*20130720~
DTM*050*20130801~
AMT*AU*126.08~
SVC*HC:S5125*126.08*126.08*0572*32~
DTM*472*20130720~
AMT*B6*126.08~
CLP*2524660012011798*1*126.08*126.08**16*0802201303218~
NM1*QC*1*Cucalon*Ines****MI*GNT05761000~
NM1*82*2*Sunnyside Citywide Home Care Services*****XX*1154407492~
DTM*232*20130721~
DTM*233*20130721~
DTM*050*20130801~
AMT*AU*126.08~
SVC*HC:S5125*126.08*126.08*0572*32~
DTM*472*20130721~
AMT*B6*126.08~
CLP*2524660012011798*1*173.36*173.36**16*0802201303219~
NM1*QC*1*Cucalon*Ines****MI*GNT05761000~
NM1*82*2*Sunnyside Citywide Home Care Services*****XX*1154407492~
DTM*232*20130722~
DTM*233*20130722~
DTM*050*20130801~
AMT*AU*173.36~
SVC*HC:S5125*173.36*173.36*0572*44~
DTM*472*20130722~
AMT*B6*173.36~
CLP*2524660012011798*1*173.36*173.36**16*0802201303220~
NM1*QC*1*Cucalon*Ines****MI*GNT05761000~
NM1*82*2*Sunnyside Citywide Home Care Services*****XX*1154407492~
DTM*232*20130723~
DTM*233*20130723~
DTM*050*20130801~
AMT*AU*173.36~
SVC*HC:S5125*173.36*173.36*0572*44~
DTM*472*20130723~
AMT*B6*173.36~
CLP*2524660012011798*1*173.36*173.36**16*0802201303221~
NM1*QC*1*Cucalon*Ines****MI*GNT05761000~
NM1*82*2*Sunnyside Citywide Home Care Services*****XX*1154407492~
DTM*232*20130724~
DTM*233*20130724~
DTM*050*20130801~
AMT*AU*173.36~
SVC*HC:S5125*173.36*173.36*0572*44~
DTM*472*20130724~
AMT*B6*173.36~
CLP*2524660012011798*1*173.36*173.36**16*0802201303222~
NM1*QC*1*Cucalon*Ines****MI*GNT05761000~
NM1*82*2*Sunnyside Citywide Home Care Services*****XX*1154407492~
DTM*232*20130725~
DTM*233*20130725~
DTM*050*20130801~
AMT*AU*173.36~
SVC*HC:S5125*173.36*173.36*0572*44~
DTM*472*20130725~
AMT*B6*173.36~
CLP*2524660012011798*1*173.36*173.36**16*0802201303223~
NM1*QC*1*Cucalon*Ines****MI*GNT05761000~
NM1*82*2*Sunnyside Citywide Home Care Services*****XX*1154407492~
DTM*232*20130726~
DTM*233*20130726~
DTM*050*20130801~
AMT*AU*173.36~
SVC*HC:S5125*173.36*173.36*0572*44~
DTM*472*20130726~
AMT*B6*173.36~
CLP*2524670012012185*1*47.28*47.28**16*0802201303224~
NM1*QC*1*Daniels*Maggie****MI*GNT00057300~
NM1*82*2*Sunnyside Citywide Home Care Services*****XX*1154407492~
DTM*232*20130722~
DTM*233*20130722~
DTM*050*20130801~
AMT*AU*47.28~
SVC*HC:S5125*47.28*47.28*0572*12~
DTM*472*20130722~
AMT*B6*47.28~
CLP*2524670012012185*1*47.28*47.28**16*0802201303225~
NM1*QC*1*Daniels*Maggie****MI*GNT00057300~
NM1*82*2*Sunnyside Citywide Home Care Services*****XX*1154407492~
DTM*232*20130724~
DTM*233*20130724~
DTM*050*20130801~
AMT*AU*47.28~
SVC*HC:S5125*47.28*47.28*0572*12~
DTM*472*20130724~
AMT*B6*47.28~
CLP*2524670012012185*1*47.28*47.28**16*0802201303226~
NM1*QC*1*Daniels*Maggie****MI*GNT00057300~
NM1*82*2*Sunnyside Citywide Home Care Services*****XX*1154407492~
DTM*232*20130726~
DTM*233*20130726~
DTM*050*20130801~
AMT*AU*47.28~
SVC*HC:S5125*47.28*47.28*0572*12~
DTM*472*20130726~
AMT*B6*47.28~
CLP*2524680012011953*1*63.04*63.04**16*0802201303227~
NM1*QC*1*De*Agustina****MI*GNT03053600~
NM1*82*2*Sunnyside Citywide Home Care Services*****XX*1154407492~
DTM*232*20130720~
DTM*233*20130720~
DTM*050*20130801~
AMT*AU*63.04~
SVC*HC:S5125*63.04*63.04*0572*16~
DTM*472*20130720~
AMT*B6*63.04~
CLP*2524680012011953*1*63.04*63.04**16*0802201303228~
NM1*QC*1*De*Agustina****MI*GNT03053600~
NM1*82*2*Sunnyside Citywide Home Care Services*****XX*1154407492~
DTM*232*20130721~
DTM*233*20130721~
DTM*050*20130801~
AMT*AU*63.04~
SVC*HC:S5125*63.04*63.04*0572*16~
DTM*472*20130721~
AMT*B6*63.04~
CLP*2524680012011953*1*86.68*86.68**16*0802201303229~
NM1*QC*1*De*Agustina****MI*GNT03053600~
NM1*82*2*Sunnyside Citywide Home Care Services*****XX*1154407492~
DTM*232*20130722~
DTM*233*20130722~
DTM*050*20130801~
AMT*AU*86.68~
SVC*HC:S5125*86.68*86.68*0572*22~
DTM*472*20130722~
AMT*B6*86.68~
CLP*2524680012011953*1*86.68*86.68**16*0802201303230~
NM1*QC*1*De*Agustina****MI*GNT03053600~
NM1*82*2*Sunnyside Citywide Home Care Services*****XX*1154407492~
DTM*232*20130723~
DTM*233*20130723~
DTM*050*20130801~
AMT*AU*86.68~
SVC*HC:S5125*86.68*86.68*0572*22~
DTM*472*20130723~
AMT*B6*86.68~
CLP*2524680012011953*1*86.68*86.68**16*0802201303231~
NM1*QC*1*De*Agustina****MI*GNT03053600~
NM1*82*2*Sunnyside Citywide Home Care Services*****XX*1154407492~
DTM*232*20130724~
DTM*233*20130724~
DTM*050*20130801~
AMT*AU*86.68~
SVC*HC:S5125*86.68*86.68*0572*22~
DTM*472*20130724~
AMT*B6*86.68~
CLP*2524680012011953*1*86.68*86.68**16*0802201303232~
NM1*QC*1*De*Agustina****MI*GNT03053600~
NM1*82*2*Sunnyside Citywide Home Care Services*****XX*1154407492~
DTM*232*20130725~
DTM*233*20130725~
DTM*050*20130801~
AMT*AU*86.68~
SVC*HC:S5125*86.68*86.68*0572*22~
DTM*472*20130725~
AMT*B6*86.68~
CLP*2524680012011953*1*78.8*78.8**16*0802201303233~
NM1*QC*1*De*Agustina****MI*GNT03053600~
NM1*82*2*Sunnyside Citywide Home Care Services*****XX*1154407492~
DTM*232*20130726~
DTM*233*20130726~
DTM*050*20130801~
AMT*AU*78.8~
SVC*HC:S5125*78.8*78.8*0572*20~
DTM*472*20130726~
AMT*B6*78.8~
CLP*2524690012011599*1*94.56*94.56**16*0802201303234~
NM1*QC*1*Deleon*Juana****MI*GNT04795000~
NM1*82*2*Sunnyside Citywide Home Care Services*****XX*1154407492~
DTM*232*20130722~
DTM*233*20130722~
DTM*050*20130801~
AMT*AU*94.56~
SVC*HC:S5125*94.56*94.56*0572*24~
DTM*472*20130722~
AMT*B6*94.56~
CLP*2524690012011599*1*94.56*94.56**16*0802201303235~
NM1*QC*1*Deleon*Juana****MI*GNT04795000~
NM1*82*2*Sunnyside Citywide Home Care Services*****XX*1154407492~
DTM*232*20130723~
DTM*233*20130723~
DTM*050*20130801~
AMT*AU*94.56~
SVC*HC:S5125*94.56*94.56*0572*24~
DTM*472*20130723~
AMT*B6*94.56~
CLP*2524690012011599*1*94.56*94.56**16*0802201303236~
NM1*QC*1*Deleon*Juana****MI*GNT04795000~
NM1*82*2*Sunnyside Citywide Home Care Services*****XX*1154407492~
DTM*232*20130724~
DTM*233*20130724~
DTM*050*20130801~
AMT*AU*94.56~
SVC*HC:S5125*94.56*94.56*0572*24~
DTM*472*20130724~
AMT*B6*94.56~
CLP*2524690012011599*1*94.56*94.56**16*0802201303237~
NM1*QC*1*Deleon*Juana****MI*GNT04795000~
NM1*82*2*Sunnyside Citywide Home Care Services*****XX*1154407492~
DTM*232*20130725~
DTM*233*20130725~
DTM*050*20130801~
AMT*AU*94.56~
SVC*HC:S5125*94.56*94.56*0572*24~
DTM*472*20130725~
AMT*B6*94.56~
CLP*2524690012011599*1*94.56*94.56**16*0802201303238~
NM1*QC*1*Deleon*Juana****MI*GNT04795000~
NM1*82*2*Sunnyside Citywide Home Care Services*****XX*1154407492~
DTM*232*20130726~
DTM*233*20130726~
DTM*050*20130801~
AMT*AU*94.56~
SVC*HC:S5125*94.56*94.56*0572*24~
DTM*472*20130726~
AMT*B6*94.56~
CLP*2524700012013684*1*126.08*126.08**16*0802201303239~
NM1*QC*1*DIAZ*HILDA****MI*GNT07351600~
NM1*82*2*Sunnyside Citywide Home Care Services*****XX*1154407492~
DTM*232*20130715~
DTM*233*20130715~
DTM*050*20130801~
AMT*AU*126.08~
SVC*HC:S5125*126.08*126.08*0572*32~
DTM*472*20130715~
AMT*B6*126.08~
CLP*2524700012013684*1*126.08*126.08**16*0802201303240~
NM1*QC*1*DIAZ*HILDA****MI*GNT07351600~
NM1*82*2*Sunnyside Citywide Home Care Services*****XX*1154407492~
DTM*232*20130716~
DTM*233*20130716~
DTM*050*20130801~
AMT*AU*126.08~
SVC*HC:S5125*126.08*126.08*0572*32~
DTM*472*20130716~
AMT*B6*126.08~
CLP*2524700012013684*1*126.08*126.08**16*0802201303241~
NM1*QC*1*DIAZ*HILDA****MI*GNT07351600~
NM1*82*2*Sunnyside Citywide Home Care Services*****XX*1154407492~
DTM*232*20130717~
DTM*233*20130717~
DTM*050*20130801~
AMT*AU*126.08~
SVC*HC:S5125*126.08*126.08*0572*32~
DTM*472*20130717~
AMT*B6*126.08~
CLP*2524700012013684*1*126.08*126.08**16*0802201303242~
NM1*QC*1*DIAZ*HILDA****MI*GNT07351600~
NM1*82*2*Sunnyside Citywide Home Care Services*****XX*1154407492~
DTM*232*20130718~
DTM*233*20130718~
DTM*050*20130801~
AMT*AU*126.08~
SVC*HC:S5125*126.08*126.08*0572*32~
DTM*472*20130718~
AMT*B6*126.08~
CLP*2524700012013684*1*126.08*126.08**16*0802201303243~
NM1*QC*1*DIAZ*HILDA****MI*GNT07351600~
NM1*82*2*Sunnyside Citywide Home Care Services*****XX*1154407492~
DTM*232*20130719~
DTM*233*20130719~
DTM*050*20130801~
AMT*AU*126.08~
SVC*HC:S5125*126.08*126.08*0572*32~
DTM*472*20130719~
AMT*B6*126.08~
CLP*2524700012013684*1*189.12*189.12**16*0802201303244~
NM1*QC*1*DIAZ*HILDA****MI*GNT07351600~
NM1*82*2*Sunnyside Citywide Home Care Services*****XX*1154407492~
DTM*232*20130720~
DTM*233*20130720~
DTM*050*20130801~
AMT*AU*189.12~
SVC*HC:S5125*189.12*189.12*0572*48~
DTM*472*20130720~
AMT*B6*189.12~
CLP*2524700012013684*1*189.12*189.12**16*0802201303245~
NM1*QC*1*DIAZ*HILDA****MI*GNT07351600~
NM1*82*2*Sunnyside Citywide Home Care Services*****XX*1154407492~
DTM*232*20130721~
DTM*233*20130721~
DTM*050*20130801~
AMT*AU*189.12~
SVC*HC:S5125*189.12*189.12*0572*48~
DTM*472*20130721~
AMT*B6*189.12~
CLP*2524700012013684*1*126.08*126.08**16*0802201303246~
NM1*QC*1*DIAZ*HILDA****MI*GNT07351600~
NM1*82*2*Sunnyside Citywide Home Care Services*****XX*1154407492~
DTM*232*20130722~
DTM*233*20130722~
DTM*050*20130801~
AMT*AU*126.08~
SVC*HC:S5125*126.08*126.08*0572*32~
DTM*472*20130722~
AMT*B6*126.08~
CLP*2524700012013684*1*126.08*126.08**16*0802201303247~
NM1*QC*1*DIAZ*HILDA****MI*GNT07351600~
NM1*82*2*Sunnyside Citywide Home Care Services*****XX*1154407492~
DTM*232*20130723~
DTM*233*20130723~
DTM*050*20130801~
AMT*AU*126.08~
SVC*HC:S5125*126.08*126.08*0572*32~
DTM*472*20130723~
AMT*B6*126.08~
CLP*2524700012013684*1*126.08*126.08**16*0802201303248~
NM1*QC*1*DIAZ*HILDA****MI*GNT07351600~
NM1*82*2*Sunnyside Citywide Home Care Services*****XX*1154407492~
DTM*232*20130724~
DTM*233*20130724~
DTM*050*20130801~
AMT*AU*126.08~
SVC*HC:S5125*126.08*126.08*0572*32~
DTM*472*20130724~
AMT*B6*126.08~
CLP*2524700012013684*1*126.08*126.08**16*0802201303249~
NM1*QC*1*DIAZ*HILDA****MI*GNT07351600~
NM1*82*2*Sunnyside Citywide Home Care Services*****XX*1154407492~
DTM*232*20130725~
DTM*233*20130725~
DTM*050*20130801~
AMT*AU*126.08~
SVC*HC:S5125*126.08*126.08*0572*32~
DTM*472*20130725~
AMT*B6*126.08~
CLP*2524700012013684*1*78.8*78.8**16*0802201303250~
NM1*QC*1*DIAZ*HILDA****MI*GNT07351600~
NM1*82*2*Sunnyside Citywide Home Care Services*****XX*1154407492~
DTM*232*20130726~
DTM*233*20130726~
DTM*050*20130801~
AMT*AU*78.8~
SVC*HC:S5125*78.8*78.8*0572*20~
DTM*472*20130726~
AMT*B6*78.8~
CLP*2524710012004554*1*94.56*94.56**16*0802201303251~
NM1*QC*1*Donoso*Margaretha****MI*GNT01219900~
NM1*82*2*Sunnyside Citywide Home Care Services*****XX*1154407492~
DTM*232*20130722~
DTM*233*20130722~
DTM*050*20130801~
AMT*AU*94.56~
SVC*HC:S5125*94.56*94.56*0572*24~
DTM*472*20130722~
AMT*B6*94.56~
CLP*2524710012004554*1*94.56*94.56**16*0802201303252~
NM1*QC*1*Donoso*Margaretha****MI*GNT01219900~
NM1*82*2*Sunnyside Citywide Home Care Services*****XX*1154407492~
DTM*232*20130723~
DTM*233*20130723~
DTM*050*20130801~
AMT*AU*94.56~
SVC*HC:S5125*94.56*94.56*0572*24~
DTM*472*20130723~
AMT*B6*94.56~
CLP*2524710012004554*1*94.56*94.56**16*0802201303253~
NM1*QC*1*Donoso*Margaretha****MI*GNT01219900~
NM1*82*2*Sunnyside Citywide Home Care Services*****XX*1154407492~
DTM*232*20130725~
DTM*233*20130725~
DTM*050*20130801~
AMT*AU*94.56~
SVC*HC:S5125*94.56*94.56*0572*24~
DTM*472*20130725~
AMT*B6*94.56~
CLP*2524710012004554*1*94.56*94.56**16*0802201303254~
NM1*QC*1*Donoso*Margaretha****MI*GNT01219900~
NM1*82*2*Sunnyside Citywide Home Care Services*****XX*1154407492~
DTM*232*20130726~
DTM*233*20130726~
DTM*050*20130801~
AMT*AU*94.56~
SVC*HC:S5125*94.56*94.56*0572*24~
DTM*472*20130726~
AMT*B6*94.56~
CLP*2524720012011256*1*102.44*102.44**16*0802201303255~
NM1*QC*1*Duran*Carmen****MI*GNT06350900~
NM1*82*2*Sunnyside Citywide Home Care Services*****XX*1154407492~
DTM*232*20130722~
DTM*233*20130722~
DTM*050*20130801~
AMT*AU*102.44~
SVC*HC:S5125*102.44*102.44*0572*26~
DTM*472*20130722~
AMT*B6*102.44~
CLP*2524720012011256*1*102.44*102.44**16*0802201303256~
NM1*QC*1*Duran*Carmen****MI*GNT06350900~
NM1*82*2*Sunnyside Citywide Home Care Services*****XX*1154407492~
DTM*232*20130723~
DTM*233*20130723~
DTM*050*20130801~
AMT*AU*102.44~
SVC*HC:S5125*102.44*102.44*0572*26~
DTM*472*20130723~
AMT*B6*102.44~
CLP*2524720012011256*1*102.44*102.44**16*0802201303257~
NM1*QC*1*Duran*Carmen****MI*GNT06350900~
NM1*82*2*Sunnyside Citywide Home Care Services*****XX*1154407492~
DTM*232*20130724~
DTM*233*20130724~
DTM*050*20130801~
AMT*AU*102.44~
SVC*HC:S5125*102.44*102.44*0572*26~
DTM*472*20130724~
AMT*B6*102.44~
CLP*2524720012011256*1*102.44*102.44**16*0802201303258~
NM1*QC*1*Duran*Carmen****MI*GNT06350900~
NM1*82*2*Sunnyside Citywide Home Care Services*****XX*1154407492~
DTM*232*20130725~
DTM*233*20130725~
DTM*050*20130801~
AMT*AU*102.44~
SVC*HC:S5125*102.44*102.44*0572*26~
DTM*472*20130725~
AMT*B6*102.44~
CLP*2524720012011256*1*102.44*102.44**16*0802201303259~
NM1*QC*1*Duran*Carmen****MI*GNT06350900~
NM1*82*2*Sunnyside Citywide Home Care Services*****XX*1154407492~
DTM*232*20130726~
DTM*233*20130726~
DTM*050*20130801~
AMT*AU*102.44~
SVC*HC:S5125*102.44*102.44*0572*26~
DTM*472*20130726~
AMT*B6*102.44~
CLP*2524730012006124*1*94.56*94.56**16*0802201303260~
NM1*QC*1*Earlington*Albertha****MI*GNT04981500~
NM1*82*2*Sunnyside Citywide Home Care Services*****XX*1154407492~
DTM*232*20130720~
DTM*233*20130720~
DTM*050*20130801~
AMT*AU*94.56~
SVC*HC:S5125*94.56*94.56*0572*24~
DTM*472*20130720~
AMT*B6*94.56~
CLP*2524730012006124*1*110.32*110.32**16*0802201303261~
NM1*QC*1*Earlington*Albertha****MI*GNT04981500~
NM1*82*2*Sunnyside Citywide Home Care Services*****XX*1154407492~
DTM*232*20130722~
DTM*233*20130722~
DTM*050*20130801~
AMT*AU*110.32~
SVC*HC:S5125*110.32*110.32*0572*28~
DTM*472*20130722~
AMT*B6*110.32~
CLP*2524730012006124*1*110.32*110.32**16*0802201303262~
NM1*QC*1*Earlington*Albertha****MI*GNT04981500~
NM1*82*2*Sunnyside Citywide Home Care Services*****XX*1154407492~
DTM*232*20130723~
DTM*233*20130723~
DTM*050*20130801~
AMT*AU*110.32~
SVC*HC:S5125*110.32*110.32*0572*28~
DTM*472*20130723~
AMT*B6*110.32~
CLP*2524730012006124*1*110.32*110.32**16*0802201303263~
NM1*QC*1*Earlington*Albertha****MI*GNT04981500~
NM1*82*2*Sunnyside Citywide Home Care Services*****XX*1154407492~
DTM*232*20130724~
DTM*233*20130724~
DTM*050*20130801~
AMT*AU*110.32~
SVC*HC:S5125*110.32*110.32*0572*28~
DTM*472*20130724~
AMT*B6*110.32~
CLP*2524730012006124*1*110.32*110.32**16*0802201303264~
NM1*QC*1*Earlington*Albertha****MI*GNT04981500~
NM1*82*2*Sunnyside Citywide Home Care Services*****XX*1154407492~
DTM*232*20130725~
DTM*233*20130725~
DTM*050*20130801~
AMT*AU*110.32~
SVC*HC:S5125*110.32*110.32*0572*28~
DTM*472*20130725~
AMT*B6*110.32~
CLP*2524730012006124*1*110.32*110.32**16*0802201303265~
NM1*QC*1*Earlington*Albertha****MI*GNT04981500~
NM1*82*2*Sunnyside Citywide Home Care Services*****XX*1154407492~
DTM*232*20130726~
DTM*233*20130726~
DTM*050*20130801~
AMT*AU*110.32~
SVC*HC:S5125*110.32*110.32*0572*28~
DTM*472*20130726~
AMT*B6*110.32~
CLP*2524740012009394*1*200*200**16*0802201303266~
NM1*QC*1*Eckman*Lois****MI*GNT05317600~
NM1*82*2*Sunnyside Citywide Home Care Services*****XX*1154407492~
DTM*232*20130720~
DTM*233*20130720~
DTM*050*20130801~
AMT*AU*200~
SVC*HC:T1020*200*200*0572*1~
DTM*472*20130720~
AMT*B6*200~
CLP*2524740012009394*1*200*200**16*0802201303267~
NM1*QC*1*Eckman*Lois****MI*GNT05317600~
NM1*82*2*Sunnyside Citywide Home Care Services*****XX*1154407492~
DTM*232*20130721~
DTM*233*20130721~
DTM*050*20130801~
AMT*AU*200~
SVC*HC:T1020*200*200*0572*1~
DTM*472*20130721~
AMT*B6*200~
CLP*2524740012009394*1*200*200**16*0802201303268~
NM1*QC*1*Eckman*Lois****MI*GNT05317600~
NM1*82*2*Sunnyside Citywide Home Care Services*****XX*1154407492~
DTM*232*20130722~
DTM*233*20130722~
DTM*050*20130801~
AMT*AU*200~
SVC*HC:T1020*200*200*0572*1~
DTM*472*20130722~
AMT*B6*200~
CLP*2524740012009394*1*200*200**16*0802201303269~
NM1*QC*1*Eckman*Lois****MI*GNT05317600~
NM1*82*2*Sunnyside Citywide Home Care Services*****XX*1154407492~
DTM*232*20130723~
DTM*233*20130723~
DTM*050*20130801~
AMT*AU*200~
SVC*HC:T1020*200*200*0572*1~
DTM*472*20130723~
AMT*B6*200~
CLP*2524740012009394*1*200*200**16*0802201303270~
NM1*QC*1*Eckman*Lois****MI*GNT05317600~
NM1*82*2*Sunnyside Citywide Home Care Services*****XX*1154407492~
DTM*232*20130724~
DTM*233*20130724~
DTM*050*20130801~
AMT*AU*200~
SVC*HC:T1020*200*200*0572*1~
DTM*472*20130724~
AMT*B6*200~
CLP*2524740012009394*1*200*200**16*0802201303271~
NM1*QC*1*Eckman*Lois****MI*GNT05317600~
NM1*82*2*Sunnyside Citywide Home Care Services*****XX*1154407492~
DTM*232*20130725~
DTM*233*20130725~
DTM*050*20130801~
AMT*AU*200~
SVC*HC:T1020*200*200*0572*1~
DTM*472*20130725~
AMT*B6*200~
CLP*2524740012009394*1*200*200**16*0802201303272~
NM1*QC*1*Eckman*Lois****MI*GNT05317600~
NM1*82*2*Sunnyside Citywide Home Care Services*****XX*1154407492~
DTM*232*20130726~
DTM*233*20130726~
DTM*050*20130801~
AMT*AU*200~
SVC*HC:T1020*200*200*0572*1~
DTM*472*20130726~
AMT*B6*200~
CLP*2524750012013553*4*67.04*0**16*0802201303273~
NM1*QC*1*Encarnacion*Luz****MI*GNT03902000~
NM1*82*2*Sunnyside Citywide Home Care Services*****XX*1154407492~
DTM*232*20130722~
DTM*233*20130722~
DTM*050*20130801~
AMT*AU*67.04~
SVC*HC:T1019:TT*67.04*0*0572*0~
DTM*472*20130722~
CAS*OA*15*67.04~
AMT*B6*67.04~
CLP*2524750012013553*4*67.04*0**16*0802201303274~
NM1*QC*1*Encarnacion*Luz****MI*GNT03902000~
NM1*82*2*Sunnyside Citywide Home Care Services*****XX*1154407492~
DTM*232*20130723~
DTM*233*20130723~
DTM*050*20130801~
AMT*AU*67.04~
SVC*HC:T1019:TT*67.04*0*0572*0~
DTM*472*20130723~
CAS*OA*15*67.04~
AMT*B6*67.04~
CLP*2524750012013553*4*67.04*0**16*0802201303275~
NM1*QC*1*Encarnacion*Luz****MI*GNT03902000~
NM1*82*2*Sunnyside Citywide Home Care Services*****XX*1154407492~
DTM*232*20130724~
DTM*233*20130724~
DTM*050*20130801~
AMT*AU*67.04~
SVC*HC:T1019:TT*67.04*0*0572*0~
DTM*472*20130724~
CAS*OA*15*67.04~
AMT*B6*67.04~
CLP*2524750012013553*4*67.04*0**16*0802201303276~
NM1*QC*1*Encarnacion*Luz****MI*GNT03902000~
NM1*82*2*Sunnyside Citywide Home Care Services*****XX*1154407492~
DTM*232*20130725~
DTM*233*20130725~
DTM*050*20130801~
AMT*AU*67.04~
SVC*HC:T1019:TT*67.04*0*0572*0~
DTM*472*20130725~
CAS*OA*15*67.04~
AMT*B6*67.04~
CLP*2524750012013553*4*67.04*0**16*0802201303277~
NM1*QC*1*Encarnacion*Luz****MI*GNT03902000~
NM1*82*2*Sunnyside Citywide Home Care Services*****XX*1154407492~
DTM*232*20130726~
DTM*233*20130726~
DTM*050*20130801~
AMT*AU*67.04~
SVC*HC:T1019:TT*67.04*0*0572*0~
DTM*472*20130726~
CAS*OA*15*67.04~
AMT*B6*67.04~
CLP*2524760012012061*1*50.28*50.28**16*0802201303278~
NM1*QC*1*Encarnacion*Martin****MI*GNT04160000~
NM1*82*2*Sunnyside Citywide Home Care Services*****XX*1154407492~
DTM*232*20130722~
DTM*233*20130722~
DTM*050*20130801~
AMT*AU*50.28~
SVC*HC:T1019:TT*50.28*50.28*0572*12~
DTM*472*20130722~
AMT*B6*50.28~
CLP*2524760012012061*1*50.28*50.28**16*0802201303279~
NM1*QC*1*Encarnacion*Martin****MI*GNT04160000~
NM1*82*2*Sunnyside Citywide Home Care Services*****XX*1154407492~
DTM*232*20130723~
DTM*233*20130723~
DTM*050*20130801~
AMT*AU*50.28~
SVC*HC:T1019:TT*50.28*50.28*0572*12~
DTM*472*20130723~
AMT*B6*50.28~
CLP*2524760012012061*1*50.28*50.28**16*0802201303280~
NM1*QC*1*Encarnacion*Martin****MI*GNT04160000~
NM1*82*2*Sunnyside Citywide Home Care Services*****XX*1154407492~
DTM*232*20130724~
DTM*233*20130724~
DTM*050*20130801~
AMT*AU*50.28~
SVC*HC:T1019:TT*50.28*50.28*0572*12~
DTM*472*20130724~
AMT*B6*50.28~
CLP*2524760012012061*1*50.28*50.28**16*0802201303281~
NM1*QC*1*Encarnacion*Martin****MI*GNT04160000~
NM1*82*2*Sunnyside Citywide Home Care Services*****XX*1154407492~
DTM*232*20130725~
DTM*233*20130725~
DTM*050*20130801~
AMT*AU*50.28~
SVC*HC:T1019:TT*50.28*50.28*0572*12~
DTM*472*20130725~
AMT*B6*50.28~
CLP*2524760012012061*1*50.28*50.28**16*0802201303282~
NM1*QC*1*Encarnacion*Martin****MI*GNT04160000~
NM1*82*2*Sunnyside Citywide Home Care Services*****XX*1154407492~
DTM*232*20130726~
DTM*233*20130726~
DTM*050*20130801~
AMT*AU*50.28~
SVC*HC:T1019:TT*50.28*50.28*0572*12~
DTM*472*20130726~
AMT*B6*50.28~
CLP*2524770012003052*1*94.56*94.56**16*0802201303283~
NM1*QC*1*Escobar*Dominga****MI*GNT04459300~
NM1*82*2*Sunnyside Citywide Home Care Services*****XX*1154407492~
DTM*232*20130717~
DTM*233*20130717~
DTM*050*20130801~
AMT*AU*94.56~
SVC*HC:T1019*94.56*94.56*0572*24~
DTM*472*20130717~
AMT*B6*94.56~
CLP*2524770012003052*1*94.56*94.56**16*0802201303284~
NM1*QC*1*Escobar*Dominga****MI*GNT04459300~
NM1*82*2*Sunnyside Citywide Home Care Services*****XX*1154407492~
DTM*232*20130718~
DTM*233*20130718~
DTM*050*20130801~
AMT*AU*94.56~
SVC*HC:T1019*94.56*94.56*0572*24~
DTM*472*20130718~
AMT*B6*94.56~
CLP*2524770012003052*1*15.76*15.76**16*0802201303285~
NM1*QC*1*Escobar*Dominga****MI*GNT04459300~
NM1*82*2*Sunnyside Citywide Home Care Services*****XX*1154407492~
DTM*232*20130725~
DTM*233*20130725~
DTM*050*20130801~
AMT*AU*15.76~
SVC*HC:T1019*15.76*15.76*0572*4~
DTM*472*20130725~
AMT*B6*15.76~
CLP*2524780012013206*4*78.8*0**16*0802201303286~
NM1*QC*1*Escobar*Maria****MI*GNT06986400~
NM1*82*2*Sunnyside Citywide Home Care Services*****XX*1154407492~
DTM*232*20130722~
DTM*233*20130722~
DTM*050*20130801~
AMT*AU*78.8~
SVC*HC:T1019*78.8*0*0572*0~
DTM*472*20130722~
CAS*OA*15*78.8~
AMT*B6*78.8~
CLP*2524780012013206*4*78.8*0**16*0802201303287~
NM1*QC*1*Escobar*Maria****MI*GNT06986400~
NM1*82*2*Sunnyside Citywide Home Care Services*****XX*1154407492~
DTM*232*20130723~
DTM*233*20130723~
DTM*050*20130801~
AMT*AU*78.8~
SVC*HC:T1019*78.8*0*0572*0~
DTM*472*20130723~
CAS*OA*15*78.8~
AMT*B6*78.8~
CLP*2524780012013206*4*63.04*0**16*0802201303288~
NM1*QC*1*Escobar*Maria****MI*GNT06986400~
NM1*82*2*Sunnyside Citywide Home Care Services*****XX*1154407492~
DTM*232*20130724~
DTM*233*20130724~
DTM*050*20130801~
AMT*AU*63.04~
SVC*HC:T1019*63.04*0*0572*0~
DTM*472*20130724~
CAS*OA*15*63.04~
AMT*B6*63.04~
CLP*2524780012013206*4*63.04*0**16*0802201303289~
NM1*QC*1*Escobar*Maria****MI*GNT06986400~
NM1*82*2*Sunnyside Citywide Home Care Services*****XX*1154407492~
DTM*232*20130725~
DTM*233*20130725~
DTM*050*20130801~
AMT*AU*63.04~
SVC*HC:T1019*63.04*0*0572*0~
DTM*472*20130725~
CAS*OA*15*63.04~
AMT*B6*63.04~
CLP*2524790012012493*1*78.8*78.8**16*0802201303290~
NM1*QC*1*Espinoza*Lupe****MI*GNT06559300~
NM1*82*2*Sunnyside Citywide Home Care Services*****XX*1154407492~
DTM*232*20130720~
DTM*233*20130720~
DTM*050*20130801~
AMT*AU*78.8~
SVC*HC:T1019*78.8*78.8*0572*20~
DTM*472*20130720~
AMT*B6*78.8~
CLP*2524790012012493*1*82.74*78.8**16*0802201303291~
NM1*QC*1*Espinoza*Lupe****MI*GNT06559300~
NM1*82*2*Sunnyside Citywide Home Care Services*****XX*1154407492~
DTM*232*20130721~
DTM*233*20130721~
DTM*050*20130801~
AMT*AU*82.74~
SVC*HC:T1019*82.74*78.8*0572*20~
DTM*472*20130721~
CAS*OA*62*3.94~
AMT*B6*82.74~
CLP*2524790012012493*1*110.32*110.32**16*0802201303292~
NM1*QC*1*Espinoza*Lupe****MI*GNT06559300~
NM1*82*2*Sunnyside Citywide Home Care Services*****XX*1154407492~
DTM*232*20130722~
DTM*233*20130722~
DTM*050*20130801~
AMT*AU*110.32~
SVC*HC:T1019*110.32*110.32*0572*28~
DTM*472*20130722~
AMT*B6*110.32~
CLP*2524790012012493*1*110.32*110.32**16*0802201303293~
NM1*QC*1*Espinoza*Lupe****MI*GNT06559300~
NM1*82*2*Sunnyside Citywide Home Care Services*****XX*1154407492~
DTM*232*20130723~
DTM*233*20130723~
DTM*050*20130801~
AMT*AU*110.32~
SVC*HC:T1019*110.32*110.32*0572*28~
DTM*472*20130723~
AMT*B6*110.32~
CLP*2524790012012493*1*110.32*110.32**16*0802201303294~
NM1*QC*1*Espinoza*Lupe****MI*GNT06559300~
NM1*82*2*Sunnyside Citywide Home Care Services*****XX*1154407492~
DTM*232*20130724~
DTM*233*20130724~
DTM*050*20130801~
AMT*AU*110.32~
SVC*HC:T1019*110.32*110.32*0572*28~
DTM*472*20130724~
AMT*B6*110.32~
CLP*2524790012012493*1*110.32*110.32**16*0802201303295~
NM1*QC*1*Espinoza*Lupe****MI*GNT06559300~
NM1*82*2*Sunnyside Citywide Home Care Services*****XX*1154407492~
DTM*232*20130725~
DTM*233*20130725~
DTM*050*20130801~
AMT*AU*110.32~
SVC*HC:T1019*110.32*110.32*0572*28~
DTM*472*20130725~
AMT*B6*110.32~
CLP*2524790012012493*1*110.32*110.32**16*0802201303296~
NM1*QC*1*Espinoza*Lupe****MI*GNT06559300~
NM1*82*2*Sunnyside Citywide Home Care Services*****XX*1154407492~
DTM*232*20130726~
DTM*233*20130726~
DTM*050*20130801~
AMT*AU*110.32~
SVC*HC:T1019*110.32*110.32*0572*28~
DTM*472*20130726~
AMT*B6*110.32~
CLP*2524800012012026*1*35.46*35.46**16*0802201303297~
NM1*QC*1*Estevez*Julio****MI*GNT04657700~
NM1*82*2*Sunnyside Citywide Home Care Services*****XX*1154407492~
DTM*232*20130712~
DTM*233*20130712~
DTM*050*20130801~
AMT*AU*35.46~
SVC*HC:S5125*35.46*35.46*0572*9~
DTM*472*20130712~
AMT*B6*35.46~
CLP*2524800012012026*1*94.56*94.56**16*0802201303298~
NM1*QC*1*Estevez*Julio****MI*GNT04657700~
NM1*82*2*Sunnyside Citywide Home Care Services*****XX*1154407492~
DTM*232*20130722~
DTM*233*20130722~
DTM*050*20130801~
AMT*AU*94.56~
SVC*HC:S5125*94.56*94.56*0572*24~
DTM*472*20130722~
AMT*B6*94.56~
CLP*2524800012012026*1*63.04*63.04**16*0802201303299~
NM1*QC*1*Estevez*Julio****MI*GNT04657700~
NM1*82*2*Sunnyside Citywide Home Care Services*****XX*1154407492~
DTM*232*20130723~
DTM*233*20130723~
DTM*050*20130801~
AMT*AU*63.04~
SVC*HC:S5125*63.04*63.04*0572*16~
DTM*472*20130723~
AMT*B6*63.04~
CLP*2524800012012026*1*94.56*94.56**16*0802201303301~
NM1*QC*1*Estevez*Julio****MI*GNT04657700~
NM1*82*2*Sunnyside Citywide Home Care Services*****XX*1154407492~
DTM*232*20130724~
DTM*233*20130724~
DTM*050*20130801~
AMT*AU*94.56~
SVC*HC:S5125*94.56*94.56*0572*24~
DTM*472*20130724~
AMT*B6*94.56~
CLP*2524800012012026*1*63.04*63.04**16*0802201303302~
NM1*QC*1*Estevez*Julio****MI*GNT04657700~
NM1*82*2*Sunnyside Citywide Home Care Services*****XX*1154407492~
DTM*232*20130725~
DTM*233*20130725~
DTM*050*20130801~
AMT*AU*63.04~
SVC*HC:S5125*63.04*63.04*0572*16~
DTM*472*20130725~
AMT*B6*63.04~
CLP*2524800012012026*1*94.56*94.56**16*0802201303303~
NM1*QC*1*Estevez*Julio****MI*GNT04657700~
NM1*82*2*Sunnyside Citywide Home Care Services*****XX*1154407492~
DTM*232*20130726~
DTM*233*20130726~
DTM*050*20130801~
AMT*AU*94.56~
SVC*HC:S5125*94.56*94.56*0572*24~
DTM*472*20130726~
AMT*B6*94.56~
CLP*2524810012012112*1*94.56*94.56**16*0802201303304~
NM1*QC*1*Estevez*Marcia****MI*GNT00342800~
NM1*82*2*Sunnyside Citywide Home Care Services*****XX*1154407492~
DTM*232*20130720~
DTM*233*20130720~
DTM*050*20130801~
AMT*AU*94.56~
SVC*HC:S5125*94.56*94.56*0572*24~
DTM*472*20130720~
AMT*B6*94.56~
CLP*2524820012013590*1*63.04*63.04**16*0802201303305~
NM1*QC*1*Feliciano*Joan****MI*GNT04140800~
NM1*82*2*Sunnyside Citywide Home Care Services*****XX*1154407492~
DTM*232*20130706~
DTM*233*20130706~
DTM*050*20130801~
AMT*AU*63.04~
SVC*HC:S5125*63.04*63.04*0572*16~
DTM*472*20130706~
AMT*B6*63.04~
CLP*2524820012013590*1*63.04*63.04**16*0802201303306~
NM1*QC*1*Feliciano*Joan****MI*GNT04140800~
NM1*82*2*Sunnyside Citywide Home Care Services*****XX*1154407492~
DTM*232*20130708~
DTM*233*20130708~
DTM*050*20130801~
AMT*AU*63.04~
SVC*HC:S5125*63.04*63.04*0572*16~
DTM*472*20130708~
AMT*B6*63.04~
CLP*2524820012013590*1*63.04*63.04**16*0802201303307~
NM1*QC*1*Feliciano*Joan****MI*GNT04140800~
NM1*82*2*Sunnyside Citywide Home Care Services*****XX*1154407492~
DTM*232*20130710~
DTM*233*20130710~
DTM*050*20130801~
AMT*AU*63.04~
SVC*HC:S5125*63.04*63.04*0572*16~
DTM*472*20130710~
AMT*B6*63.04~
CLP*2524820012013590*1*63.04*63.04**16*0802201303308~
NM1*QC*1*Feliciano*Joan****MI*GNT04140800~
NM1*82*2*Sunnyside Citywide Home Care Services*****XX*1154407492~
DTM*232*20130711~
DTM*233*20130711~
DTM*050*20130801~
AMT*AU*63.04~
SVC*HC:S5125*63.04*63.04*0572*16~
DTM*472*20130711~
AMT*B6*63.04~
CLP*2524820012013590*1*126.08*126.08**16*0802201303309~
NM1*QC*1*Feliciano*Joan****MI*GNT04140800~
NM1*82*2*Sunnyside Citywide Home Care Services*****XX*1154407492~
DTM*232*20130720~
DTM*233*20130720~
DTM*050*20130801~
AMT*AU*126.08~
SVC*HC:S5125*126.08*126.08*0572*32~
DTM*472*20130720~
AMT*B6*126.08~
CLP*2524820012013590*1*126.08*126.08**16*0802201303310~
NM1*QC*1*Feliciano*Joan****MI*GNT04140800~
NM1*82*2*Sunnyside Citywide Home Care Services*****XX*1154407492~
DTM*232*20130721~
DTM*233*20130721~
DTM*050*20130801~
AMT*AU*126.08~
SVC*HC:S5125*126.08*126.08*0572*32~
DTM*472*20130721~
AMT*B6*126.08~
CLP*2524820012013590*1*126.08*126.08**16*0802201303311~
NM1*QC*1*Feliciano*Joan****MI*GNT04140800~
NM1*82*2*Sunnyside Citywide Home Care Services*****XX*1154407492~
DTM*232*20130722~
DTM*233*20130722~
DTM*050*20130801~
AMT*AU*126.08~
SVC*HC:S5125*126.08*126.08*0572*32~
DTM*472*20130722~
AMT*B6*126.08~
CLP*2524820012013590*1*126.08*126.08**16*0802201303312~
NM1*QC*1*Feliciano*Joan****MI*GNT04140800~
NM1*82*2*Sunnyside Citywide Home Care Services*****XX*1154407492~
DTM*232*20130723~
DTM*233*20130723~
DTM*050*20130801~
AMT*AU*126.08~
SVC*HC:S5125*126.08*126.08*0572*32~
DTM*472*20130723~
AMT*B6*126.08~
CLP*2524820012013590*1*126.08*126.08**16*0802201303313~
NM1*QC*1*Feliciano*Joan****MI*GNT04140800~
NM1*82*2*Sunnyside Citywide Home Care Services*****XX*1154407492~
DTM*232*20130724~
DTM*233*20130724~
DTM*050*20130801~
AMT*AU*126.08~
SVC*HC:S5125*126.08*126.08*0572*32~
DTM*472*20130724~
AMT*B6*126.08~
CLP*2524820012013590*1*126.08*126.08**16*0802201303314~
NM1*QC*1*Feliciano*Joan****MI*GNT04140800~
NM1*82*2*Sunnyside Citywide Home Care Services*****XX*1154407492~
DTM*232*20130725~
DTM*233*20130725~
DTM*050*20130801~
AMT*AU*126.08~
SVC*HC:S5125*126.08*126.08*0572*32~
DTM*472*20130725~
AMT*B6*126.08~
CLP*2524820012013590*1*126.08*126.08**16*0802201303315~
NM1*QC*1*Feliciano*Joan****MI*GNT04140800~
NM1*82*2*Sunnyside Citywide Home Care Services*****XX*1154407492~
DTM*232*20130726~
DTM*233*20130726~
DTM*050*20130801~
AMT*AU*126.08~
SVC*HC:S5125*126.08*126.08*0572*32~
DTM*472*20130726~
AMT*B6*126.08~
CLP*2524830012011866*1*63.04*63.04**16*0802201303316~
NM1*QC*1*Felipe*Rosa****MI*GNT02393600~
NM1*82*2*Sunnyside Citywide Home Care Services*****XX*1154407492~
DTM*232*20130724~
DTM*233*20130724~
DTM*050*20130801~
AMT*AU*63.04~
SVC*HC:S5125*63.04*63.04*0572*16~
DTM*472*20130724~
AMT*B6*63.04~
CLP*2524830012011866*1*63.04*63.04**16*0802201303317~
NM1*QC*1*Felipe*Rosa****MI*GNT02393600~
NM1*82*2*Sunnyside Citywide Home Care Services*****XX*1154407492~
DTM*232*20130725~
DTM*233*20130725~
DTM*050*20130801~
AMT*AU*63.04~
SVC*HC:S5125*63.04*63.04*0572*16~
DTM*472*20130725~
AMT*B6*63.04~
CLP*2524840012008314*1*63.04*63.04**16*0802201303318~
NM1*QC*1*Fernandez*Ana****MI*GNT05242300~
NM1*82*2*Sunnyside Citywide Home Care Services*****XX*1154407492~
DTM*232*20130722~
DTM*233*20130722~
DTM*050*20130801~
AMT*AU*63.04~
SVC*HC:S5125*63.04*63.04*0572*16~
DTM*472*20130722~
AMT*B6*63.04~
CLP*2524840012008314*1*63.04*63.04**16*0802201303319~
NM1*QC*1*Fernandez*Ana****MI*GNT05242300~
NM1*82*2*Sunnyside Citywide Home Care Services*****XX*1154407492~
DTM*232*20130723~
DTM*233*20130723~
DTM*050*20130801~
AMT*AU*63.04~
SVC*HC:S5125*63.04*63.04*0572*16~
DTM*472*20130723~
AMT*B6*63.04~
CLP*2524840012008314*1*63.04*63.04**16*0802201303320~
NM1*QC*1*Fernandez*Ana****MI*GNT05242300~
NM1*82*2*Sunnyside Citywide Home Care Services*****XX*1154407492~
DTM*232*20130724~
DTM*233*20130724~
DTM*050*20130801~
AMT*AU*63.04~
SVC*HC:S5125*63.04*63.04*0572*16~
DTM*472*20130724~
AMT*B6*63.04~
CLP*2524840012008314*1*63.04*63.04**16*0802201303321~
NM1*QC*1*Fernandez*Ana****MI*GNT05242300~
NM1*82*2*Sunnyside Citywide Home Care Services*****XX*1154407492~
DTM*232*20130725~
DTM*233*20130725~
DTM*050*20130801~
AMT*AU*63.04~
SVC*HC:S5125*63.04*63.04*0572*16~
DTM*472*20130725~
AMT*B6*63.04~
CLP*2524840012008314*1*63.04*63.04**16*0802201303322~
NM1*QC*1*Fernandez*Ana****MI*GNT05242300~
NM1*82*2*Sunnyside Citywide Home Care Services*****XX*1154407492~
DTM*232*20130726~
DTM*233*20130726~
DTM*050*20130801~
AMT*AU*63.04~
SVC*HC:S5125*63.04*63.04*0572*16~
DTM*472*20130726~
AMT*B6*63.04~
CLP*2524850012011852*1*59.1*59.1**16*0802201303323~
NM1*QC*1*Fernandez*Felix****MI*GNT04997300~
NM1*82*2*Sunnyside Citywide Home Care Services*****XX*1154407492~
DTM*232*20130722~
DTM*233*20130722~
DTM*050*20130801~
AMT*AU*59.1~
SVC*HC:S5125*59.1*59.1*0572*15~
DTM*472*20130722~
AMT*B6*59.1~
CLP*2524850012011852*1*63.04*63.04**16*0802201303324~
NM1*QC*1*Fernandez*Felix****MI*GNT04997300~
NM1*82*2*Sunnyside Citywide Home Care Services*****XX*1154407492~
DTM*232*20130723~
DTM*233*20130723~
DTM*050*20130801~
AMT*AU*63.04~
SVC*HC:S5125*63.04*63.04*0572*16~
DTM*472*20130723~
AMT*B6*63.04~
CLP*2524850012011852*1*63.04*63.04**16*0802201303325~
NM1*QC*1*Fernandez*Felix****MI*GNT04997300~
NM1*82*2*Sunnyside Citywide Home Care Services*****XX*1154407492~
DTM*232*20130724~
DTM*233*20130724~
DTM*050*20130801~
AMT*AU*63.04~
SVC*HC:S5125*63.04*63.04*0572*16~
DTM*472*20130724~
AMT*B6*63.04~
CLP*2524850012011852*1*63.04*63.04**16*0802201303326~
NM1*QC*1*Fernandez*Felix****MI*GNT04997300~
NM1*82*2*Sunnyside Citywide Home Care Services*****XX*1154407492~
DTM*232*20130725~
DTM*233*20130725~
DTM*050*20130801~
AMT*AU*63.04~
SVC*HC:S5125*63.04*63.04*0572*16~
DTM*472*20130725~
AMT*B6*63.04~
CLP*2524850012011852*1*63.04*63.04**16*0802201303327~
NM1*QC*1*Fernandez*Felix****MI*GNT04997300~
NM1*82*2*Sunnyside Citywide Home Care Services*****XX*1154407492~
DTM*232*20130726~
DTM*233*20130726~
DTM*050*20130801~
AMT*AU*63.04~
SVC*HC:S5125*63.04*63.04*0572*16~
DTM*472*20130726~
AMT*B6*63.04~
CLP*2524860012009960*4*189.12*0**16*0802201303328~
NM1*QC*1*Ferrara*Ann****MI*GNT05748600~
NM1*82*2*Sunnyside Citywide Home Care Services*****XX*1154407492~
DTM*232*20130726~
DTM*233*20130726~
DTM*050*20130801~
AMT*AU*189.12~
SVC*HC:S5125*189.12*0*0572*0~
DTM*472*20130726~
CAS*OA*15*189.12~
AMT*B6*189.12~
CLP*2524870012009589*1*66.98*63.04**16*0802201303329~
NM1*QC*1*Ferro*Josephine****MI*GNT05940400~
NM1*82*2*Sunnyside Citywide Home Care Services*****XX*1154407492~
DTM*232*20130721~
DTM*233*20130721~
DTM*050*20130801~
AMT*AU*66.98~
SVC*HC:T1019*66.98*63.04*0572*16~
DTM*472*20130721~
CAS*OA*62*3.94~
AMT*B6*66.98~
CLP*2524870012009589*1*189.12*189.12**16*0802201303330~
NM1*QC*1*Ferro*Josephine****MI*GNT05940400~
NM1*82*2*Sunnyside Citywide Home Care Services*****XX*1154407492~
DTM*232*20130722~
DTM*233*20130722~
DTM*050*20130801~
AMT*AU*189.12~
SVC*HC:T1019*189.12*189.12*0572*48~
DTM*472*20130722~
AMT*B6*189.12~
CLP*2524870012009589*1*189.12*189.12**16*0802201303331~
NM1*QC*1*Ferro*Josephine****MI*GNT05940400~
NM1*82*2*Sunnyside Citywide Home Care Services*****XX*1154407492~
DTM*232*20130723~
DTM*233*20130723~
DTM*050*20130801~
AMT*AU*189.12~
SVC*HC:T1019*189.12*189.12*0572*48~
DTM*472*20130723~
AMT*B6*189.12~
CLP*2524870012009589*1*189.12*189.12**16*0802201303332~
NM1*QC*1*Ferro*Josephine****MI*GNT05940400~
NM1*82*2*Sunnyside Citywide Home Care Services*****XX*1154407492~
DTM*232*20130724~
DTM*233*20130724~
DTM*050*20130801~
AMT*AU*189.12~
SVC*HC:T1019*189.12*189.12*0572*48~
DTM*472*20130724~
AMT*B6*189.12~
CLP*2524870012009589*1*189.12*189.12**16*0802201303333~
NM1*QC*1*Ferro*Josephine****MI*GNT05940400~
NM1*82*2*Sunnyside Citywide Home Care Services*****XX*1154407492~
DTM*232*20130725~
DTM*233*20130725~
DTM*050*20130801~
AMT*AU*189.12~
SVC*HC:T1019*189.12*189.12*0572*48~
DTM*472*20130725~
AMT*B6*189.12~
CLP*2524870012009589*1*189.12*189.12**16*0802201303334~
NM1*QC*1*Ferro*Josephine****MI*GNT05940400~
NM1*82*2*Sunnyside Citywide Home Care Services*****XX*1154407492~
DTM*232*20130726~
DTM*233*20130726~
DTM*050*20130801~
AMT*AU*189.12~
SVC*HC:T1019*189.12*189.12*0572*48~
DTM*472*20130726~
AMT*B6*189.12~
CLP*2524880012013490*4*47.28*0**16*0802201303335~
NM1*QC*1*FLEITMAN*KLARA****MI*GNT07291500~
NM1*82*2*Sunnyside Citywide Home Care Services*****XX*1154407492~
DTM*232*20130718~
DTM*233*20130718~
DTM*050*20130801~
AMT*AU*47.28~
SVC*HC:T1019*47.28*0*0572*0~
DTM*472*20130718~
CAS*OA*15*47.28~
AMT*B6*47.28~
CLP*2524880012013490*4*47.28*0**16*0802201303336~
NM1*QC*1*FLEITMAN*KLARA****MI*GNT07291500~
NM1*82*2*Sunnyside Citywide Home Care Services*****XX*1154407492~
DTM*232*20130722~
DTM*233*20130722~
DTM*050*20130801~
AMT*AU*47.28~
SVC*HC:T1019*47.28*0*0572*0~
DTM*472*20130722~
CAS*OA*15*47.28~
AMT*B6*47.28~
CLP*2524880012013490*4*47.28*0**16*0802201303337~
NM1*QC*1*FLEITMAN*KLARA****MI*GNT07291500~
NM1*82*2*Sunnyside Citywide Home Care Services*****XX*1154407492~
DTM*232*20130723~
DTM*233*20130723~
DTM*050*20130801~
AMT*AU*47.28~
SVC*HC:T1019*47.28*0*0572*0~
DTM*472*20130723~
CAS*OA*15*47.28~
AMT*B6*47.28~
CLP*2524880012013490*4*47.28*0**16*0802201303338~
NM1*QC*1*FLEITMAN*KLARA****MI*GNT07291500~
NM1*82*2*Sunnyside Citywide Home Care Services*****XX*1154407492~
DTM*232*20130724~
DTM*233*20130724~
DTM*050*20130801~
AMT*AU*47.28~
SVC*HC:T1019*47.28*0*0572*0~
DTM*472*20130724~
CAS*OA*15*47.28~
AMT*B6*47.28~
CLP*2524880012013490*4*47.28*0**16*0802201303339~
NM1*QC*1*FLEITMAN*KLARA****MI*GNT07291500~
NM1*82*2*Sunnyside Citywide Home Care Services*****XX*1154407492~
DTM*232*20130725~
DTM*233*20130725~
DTM*050*20130801~
AMT*AU*47.28~
SVC*HC:T1019*47.28*0*0572*0~
DTM*472*20130725~
CAS*OA*15*47.28~
AMT*B6*47.28~
CLP*2524880012013490*4*47.28*0**16*0802201303340~
NM1*QC*1*FLEITMAN*KLARA****MI*GNT07291500~
NM1*82*2*Sunnyside Citywide Home Care Services*****XX*1154407492~
DTM*232*20130726~
DTM*233*20130726~
DTM*050*20130801~
AMT*AU*47.28~
SVC*HC:T1019*47.28*0*0572*0~
DTM*472*20130726~
CAS*OA*15*47.28~
AMT*B6*47.28~
CLP*2524890012011800*1*110.32*110.32**16*0802201303341~
NM1*QC*1*Francis*Victoria****MI*GNT03398100~
NM1*82*2*Sunnyside Citywide Home Care Services*****XX*1154407492~
DTM*232*20130720~
DTM*233*20130720~
DTM*050*20130801~
AMT*AU*110.32~
SVC*HC:S5125*110.32*110.32*0572*28~
DTM*472*20130720~
AMT*B6*110.32~
CLP*2524890012011800*1*110.32*110.32**16*0802201303342~
NM1*QC*1*Francis*Victoria****MI*GNT03398100~
NM1*82*2*Sunnyside Citywide Home Care Services*****XX*1154407492~
DTM*232*20130722~
DTM*233*20130722~
DTM*050*20130801~
AMT*AU*110.32~
SVC*HC:S5125*110.32*110.32*0572*28~
DTM*472*20130722~
AMT*B6*110.32~
CLP*2524890012011800*1*110.32*110.32**16*0802201303343~
NM1*QC*1*Francis*Victoria****MI*GNT03398100~
NM1*82*2*Sunnyside Citywide Home Care Services*****XX*1154407492~
DTM*232*20130723~
DTM*233*20130723~
DTM*050*20130801~
AMT*AU*110.32~
SVC*HC:S5125*110.32*110.32*0572*28~
DTM*472*20130723~
AMT*B6*110.32~
CLP*2524890012011800*1*110.32*110.32**16*0802201303344~
NM1*QC*1*Francis*Victoria****MI*GNT03398100~
NM1*82*2*Sunnyside Citywide Home Care Services*****XX*1154407492~
DTM*232*20130724~
DTM*233*20130724~
DTM*050*20130801~
AMT*AU*110.32~
SVC*HC:S5125*110.32*110.32*0572*28~
DTM*472*20130724~
AMT*B6*110.32~
CLP*2524890012011800*1*110.32*110.32**16*0802201303345~
NM1*QC*1*Francis*Victoria****MI*GNT03398100~
NM1*82*2*Sunnyside Citywide Home Care Services*****XX*1154407492~
DTM*232*20130725~
DTM*233*20130725~
DTM*050*20130801~
AMT*AU*110.32~
SVC*HC:S5125*110.32*110.32*0572*28~
DTM*472*20130725~
AMT*B6*110.32~
CLP*2524890012011800*1*110.32*110.32**16*0802201303346~
NM1*QC*1*Francis*Victoria****MI*GNT03398100~
NM1*82*2*Sunnyside Citywide Home Care Services*****XX*1154407492~
DTM*232*20130726~
DTM*233*20130726~
DTM*050*20130801~
AMT*AU*110.32~
SVC*HC:S5125*110.32*110.32*0572*28~
DTM*472*20130726~
AMT*B6*110.32~
CLP*2524900012012000*1*110.32*110.32**16*0802201303347~
NM1*QC*1*Garcia*Lucila****MI*GNT02564500~
NM1*82*2*Sunnyside Citywide Home Care Services*****XX*1154407492~
DTM*232*20130722~
DTM*233*20130722~
DTM*050*20130801~
AMT*AU*110.32~
SVC*HC:S5125*110.32*110.32*0572*28~
DTM*472*20130722~
AMT*B6*110.32~
CLP*2524900012012000*1*110.32*110.32**16*0802201303348~
NM1*QC*1*Garcia*Lucila****MI*GNT02564500~
NM1*82*2*Sunnyside Citywide Home Care Services*****XX*1154407492~
DTM*232*20130723~
DTM*233*20130723~
DTM*050*20130801~
AMT*AU*110.32~
SVC*HC:S5125*110.32*110.32*0572*28~
DTM*472*20130723~
AMT*B6*110.32~
CLP*2524900012012000*1*110.32*110.32**16*0802201303349~
NM1*QC*1*Garcia*Lucila****MI*GNT02564500~
NM1*82*2*Sunnyside Citywide Home Care Services*****XX*1154407492~
DTM*232*20130724~
DTM*233*20130724~
DTM*050*20130801~
AMT*AU*110.32~
SVC*HC:S5125*110.32*110.32*0572*28~
DTM*472*20130724~
AMT*B6*110.32~
CLP*2524900012012000*1*110.32*110.32**16*0802201303350~
NM1*QC*1*Garcia*Lucila****MI*GNT02564500~
NM1*82*2*Sunnyside Citywide Home Care Services*****XX*1154407492~
DTM*232*20130725~
DTM*233*20130725~
DTM*050*20130801~
AMT*AU*110.32~
SVC*HC:S5125*110.32*110.32*0572*28~
DTM*472*20130725~
AMT*B6*110.32~
CLP*2524900012012000*1*110.32*110.32**16*0802201303351~
NM1*QC*1*Garcia*Lucila****MI*GNT02564500~
NM1*82*2*Sunnyside Citywide Home Care Services*****XX*1154407492~
DTM*232*20130726~
DTM*233*20130726~
DTM*050*20130801~
AMT*AU*110.32~
SVC*HC:S5125*110.32*110.32*0572*28~
DTM*472*20130726~
AMT*B6*110.32~
CLP*2524910012011801*1*110.32*110.32**16*0802201303352~
NM1*QC*1*Garcia*Maria****MI*GNT02860800~
NM1*82*2*Sunnyside Citywide Home Care Services*****XX*1154407492~
DTM*232*20130720~
DTM*233*20130720~
DTM*050*20130801~
AMT*AU*110.32~
SVC*HC:S5125*110.32*110.32*0572*28~
DTM*472*20130720~
AMT*B6*110.32~
CLP*2524910012011801*1*110.32*110.32**16*0802201303353~
NM1*QC*1*Garcia*Maria****MI*GNT02860800~
NM1*82*2*Sunnyside Citywide Home Care Services*****XX*1154407492~
DTM*232*20130721~
DTM*233*20130721~
DTM*050*20130801~
AMT*AU*110.32~
SVC*HC:S5125*110.32*110.32*0572*28~
DTM*472*20130721~
AMT*B6*110.32~
CLP*2524910012011801*1*110.32*110.32**16*0802201303354~
NM1*QC*1*Garcia*Maria****MI*GNT02860800~
NM1*82*2*Sunnyside Citywide Home Care Services*****XX*1154407492~
DTM*232*20130722~
DTM*233*20130722~
DTM*050*20130801~
AMT*AU*110.32~
SVC*HC:S5125*110.32*110.32*0572*28~
DTM*472*20130722~
AMT*B6*110.32~
CLP*2524910012011801*1*110.32*110.32**16*0802201303355~
NM1*QC*1*Garcia*Maria****MI*GNT02860800~
NM1*82*2*Sunnyside Citywide Home Care Services*****XX*1154407492~
DTM*232*20130723~
DTM*233*20130723~
DTM*050*20130801~
AMT*AU*110.32~
SVC*HC:S5125*110.32*110.32*0572*28~
DTM*472*20130723~
AMT*B6*110.32~
CLP*2524910012011801*1*110.32*110.32**16*0802201303356~
NM1*QC*1*Garcia*Maria****MI*GNT02860800~
NM1*82*2*Sunnyside Citywide Home Care Services*****XX*1154407492~
DTM*232*20130724~
DTM*233*20130724~
DTM*050*20130801~
AMT*AU*110.32~
SVC*HC:S5125*110.32*110.32*0572*28~
DTM*472*20130724~
AMT*B6*110.32~
CLP*2524910012011801*1*110.32*110.32**16*0802201303357~
NM1*QC*1*Garcia*Maria****MI*GNT02860800~
NM1*82*2*Sunnyside Citywide Home Care Services*****XX*1154407492~
DTM*232*20130725~
DTM*233*20130725~
DTM*050*20130801~
AMT*AU*110.32~
SVC*HC:S5125*110.32*110.32*0572*28~
DTM*472*20130725~
AMT*B6*110.32~
CLP*2524910012011801*1*110.32*110.32**16*0802201303358~
NM1*QC*1*Garcia*Maria****MI*GNT02860800~
NM1*82*2*Sunnyside Citywide Home Care Services*****XX*1154407492~
DTM*232*20130726~
DTM*233*20130726~
DTM*050*20130801~
AMT*AU*110.32~
SVC*HC:S5125*110.32*110.32*0572*28~
DTM*472*20130726~
AMT*B6*110.32~
CLP*2524920012009435*1*63.04*63.04**16*0802201303359~
NM1*QC*1*Gomez*Yolanda****MI*GNT05745100~
NM1*82*2*Sunnyside Citywide Home Care Services*****XX*1154407492~
DTM*232*20130722~
DTM*233*20130722~
DTM*050*20130801~
AMT*AU*63.04~
SVC*HC:T1019*63.04*63.04*0572*16~
DTM*472*20130722~
AMT*B6*63.04~
CLP*2524920012009435*1*63.04*63.04**16*0802201303360~
NM1*QC*1*Gomez*Yolanda****MI*GNT05745100~
NM1*82*2*Sunnyside Citywide Home Care Services*****XX*1154407492~
DTM*232*20130724~
DTM*233*20130724~
DTM*050*20130801~
AMT*AU*63.04~
SVC*HC:T1019*63.04*63.04*0572*16~
DTM*472*20130724~
AMT*B6*63.04~
CLP*2524920012009435*1*78.8*78.8**16*0802201303361~
NM1*QC*1*Gomez*Yolanda****MI*GNT05745100~
NM1*82*2*Sunnyside Citywide Home Care Services*****XX*1154407492~
DTM*232*20130726~
DTM*233*20130726~
DTM*050*20130801~
AMT*AU*78.8~
SVC*HC:T1019*78.8*78.8*0572*20~
DTM*472*20130726~
AMT*B6*78.8~
CLP*2524930012011662*1*63.04*63.04**16*0802201303362~
NM1*QC*1*Gonzalez*Ramona****MI*GNT02343300~
NM1*82*2*Sunnyside Citywide Home Care Services*****XX*1154407492~
DTM*232*20130720~
DTM*233*20130720~
DTM*050*20130801~
AMT*AU*63.04~
SVC*HC:S5125*63.04*63.04*0572*16~
DTM*472*20130720~
AMT*B6*63.04~
CLP*2524930012011662*1*63.04*63.04**16*0802201303363~
NM1*QC*1*Gonzalez*Ramona****MI*GNT02343300~
NM1*82*2*Sunnyside Citywide Home Care Services*****XX*1154407492~
DTM*232*20130721~
DTM*233*20130721~
DTM*050*20130801~
AMT*AU*63.04~
SVC*HC:S5125*63.04*63.04*0572*16~
DTM*472*20130721~
AMT*B6*63.04~
CLP*2524930012011662*1*63.04*63.04**16*0802201303364~
NM1*QC*1*Gonzalez*Ramona****MI*GNT02343300~
NM1*82*2*Sunnyside Citywide Home Care Services*****XX*1154407492~
DTM*232*20130722~
DTM*233*20130722~
DTM*050*20130801~
AMT*AU*63.04~
SVC*HC:S5125*63.04*63.04*0572*16~
DTM*472*20130722~
AMT*B6*63.04~
CLP*2524930012011662*1*63.04*63.04**16*0802201303365~
NM1*QC*1*Gonzalez*Ramona****MI*GNT02343300~
NM1*82*2*Sunnyside Citywide Home Care Services*****XX*1154407492~
DTM*232*20130723~
DTM*233*20130723~
DTM*050*20130801~
AMT*AU*63.04~
SVC*HC:S5125*63.04*63.04*0572*16~
DTM*472*20130723~
AMT*B6*63.04~
CLP*2524930012011662*1*63.04*63.04**16*0802201303366~
NM1*QC*1*Gonzalez*Ramona****MI*GNT02343300~
NM1*82*2*Sunnyside Citywide Home Care Services*****XX*1154407492~
DTM*232*20130724~
DTM*233*20130724~
DTM*050*20130801~
AMT*AU*63.04~
SVC*HC:S5125*63.04*63.04*0572*16~
DTM*472*20130724~
AMT*B6*63.04~
CLP*2524930012011662*1*63.04*63.04**16*0802201303367~
NM1*QC*1*Gonzalez*Ramona****MI*GNT02343300~
NM1*82*2*Sunnyside Citywide Home Care Services*****XX*1154407492~
DTM*232*20130725~
DTM*233*20130725~
DTM*050*20130801~
AMT*AU*63.04~
SVC*HC:S5125*63.04*63.04*0572*16~
DTM*472*20130725~
AMT*B6*63.04~
CLP*2524930012011662*1*63.04*63.04**16*0802201303368~
NM1*QC*1*Gonzalez*Ramona****MI*GNT02343300~
NM1*82*2*Sunnyside Citywide Home Care Services*****XX*1154407492~
DTM*232*20130726~
DTM*233*20130726~
DTM*050*20130801~
AMT*AU*63.04~
SVC*HC:S5125*63.04*63.04*0572*16~
DTM*472*20130726~
AMT*B6*63.04~
CLP*2524940012011821*1*63.04*63.04**16*0802201303369~
NM1*QC*1*Gonzalez*Carmen****MI*GNT00098100~
NM1*82*2*Sunnyside Citywide Home Care Services*****XX*1154407492~
DTM*232*20130715~
DTM*233*20130715~
DTM*050*20130801~
AMT*AU*63.04~
SVC*HC:S5125*63.04*63.04*0572*16~
DTM*472*20130715~
AMT*B6*63.04~
CLP*2524940012011821*1*63.04*63.04**16*0802201303370~
NM1*QC*1*Gonzalez*Carmen****MI*GNT00098100~
NM1*82*2*Sunnyside Citywide Home Care Services*****XX*1154407492~
DTM*232*20130717~
DTM*233*20130717~
DTM*050*20130801~
AMT*AU*63.04~
SVC*HC:S5125*63.04*63.04*0572*16~
DTM*472*20130717~
AMT*B6*63.04~
CLP*2524940012011821*1*63.04*63.04**16*0802201303371~
NM1*QC*1*Gonzalez*Carmen****MI*GNT00098100~
NM1*82*2*Sunnyside Citywide Home Care Services*****XX*1154407492~
DTM*232*20130718~
DTM*233*20130718~
DTM*050*20130801~
AMT*AU*63.04~
SVC*HC:S5125*63.04*63.04*0572*16~
DTM*472*20130718~
AMT*B6*63.04~
CLP*2524940012011821*1*63.04*63.04**16*0802201303372~
NM1*QC*1*Gonzalez*Carmen****MI*GNT00098100~
NM1*82*2*Sunnyside Citywide Home Care Services*****XX*1154407492~
DTM*232*20130719~
DTM*233*20130719~
DTM*050*20130801~
AMT*AU*63.04~
SVC*HC:S5125*63.04*63.04*0572*16~
DTM*472*20130719~
AMT*B6*63.04~
CLP*2524940012011821*1*63.04*63.04**16*0802201303373~
NM1*QC*1*Gonzalez*Carmen****MI*GNT00098100~
NM1*82*2*Sunnyside Citywide Home Care Services*****XX*1154407492~
DTM*232*20130722~
DTM*233*20130722~
DTM*050*20130801~
AMT*AU*63.04~
SVC*HC:S5125*63.04*63.04*0572*16~
DTM*472*20130722~
AMT*B6*63.04~
CLP*2524940012011821*1*63.04*63.04**16*0802201303374~
NM1*QC*1*Gonzalez*Carmen****MI*GNT00098100~
NM1*82*2*Sunnyside Citywide Home Care Services*****XX*1154407492~
DTM*232*20130723~
DTM*233*20130723~
DTM*050*20130801~
AMT*AU*63.04~
SVC*HC:S5125*63.04*63.04*0572*16~
DTM*472*20130723~
AMT*B6*63.04~
CLP*2524940012011821*1*63.04*63.04**16*0802201303375~
NM1*QC*1*Gonzalez*Carmen****MI*GNT00098100~
NM1*82*2*Sunnyside Citywide Home Care Services*****XX*1154407492~
DTM*232*20130724~
DTM*233*20130724~
DTM*050*20130801~
AMT*AU*63.04~
SVC*HC:S5125*63.04*63.04*0572*16~
DTM*472*20130724~
AMT*B6*63.04~
CLP*2524940012011821*1*63.04*63.04**16*0802201303376~
NM1*QC*1*Gonzalez*Carmen****MI*GNT00098100~
NM1*82*2*Sunnyside Citywide Home Care Services*****XX*1154407492~
DTM*232*20130725~
DTM*233*20130725~
DTM*050*20130801~
AMT*AU*63.04~
SVC*HC:S5125*63.04*63.04*0572*16~
DTM*472*20130725~
AMT*B6*63.04~
CLP*2524940012011821*1*63.04*63.04**16*0802201303377~
NM1*QC*1*Gonzalez*Carmen****MI*GNT00098100~
NM1*82*2*Sunnyside Citywide Home Care Services*****XX*1154407492~
DTM*232*20130726~
DTM*233*20130726~
DTM*050*20130801~
AMT*AU*63.04~
SVC*HC:S5125*63.04*63.04*0572*16~
DTM*472*20130726~
AMT*B6*63.04~
CLP*2524950012011822*1*15.76*15.76**16*0802201303378~
NM1*QC*1*Greaves*Barbara****MI*GNT03748500~
NM1*82*2*Sunnyside Citywide Home Care Services*****XX*1154407492~
DTM*232*20130719~
DTM*233*20130719~
DTM*050*20130801~
AMT*AU*15.76~
SVC*HC:T1019*15.76*15.76*0572*4~
DTM*472*20130719~
AMT*B6*15.76~
CLP*2524950012011822*1*63.04*63.04**16*0802201303379~
NM1*QC*1*Greaves*Barbara****MI*GNT03748500~
NM1*82*2*Sunnyside Citywide Home Care Services*****XX*1154407492~
DTM*232*20130722~
DTM*233*20130722~
DTM*050*20130801~
AMT*AU*63.04~
SVC*HC:T1019*63.04*63.04*0572*16~
DTM*472*20130722~
AMT*B6*63.04~
CLP*2524950012011822*1*55.16*55.16**16*0802201303380~
NM1*QC*1*Greaves*Barbara****MI*GNT03748500~
NM1*82*2*Sunnyside Citywide Home Care Services*****XX*1154407492~
DTM*232*20130724~
DTM*233*20130724~
DTM*050*20130801~
AMT*AU*55.16~
SVC*HC:T1019*55.16*55.16*0572*14~
DTM*472*20130724~
AMT*B6*55.16~
CLP*2524950012011822*1*63.04*63.04**16*0802201303381~
NM1*QC*1*Greaves*Barbara****MI*GNT03748500~
NM1*82*2*Sunnyside Citywide Home Care Services*****XX*1154407492~
DTM*232*20130726~
DTM*233*20130726~
DTM*050*20130801~
AMT*AU*63.04~
SVC*HC:T1019*63.04*63.04*0572*16~
DTM*472*20130726~
AMT*B6*63.04~
CLP*2524960012010494*1*110.32*110.32**16*0802201303382~
NM1*QC*1*Greenspan*Alice****MI*GNT04498400~
NM1*82*2*Sunnyside Citywide Home Care Services*****XX*1154407492~
DTM*232*20130720~
DTM*233*20130720~
DTM*050*20130801~
AMT*AU*110.32~
SVC*HC:S5125*110.32*110.32*0572*28~
DTM*472*20130720~
AMT*B6*110.32~
CLP*2524960012010494*1*110.32*110.32**16*0802201303383~
NM1*QC*1*Greenspan*Alice****MI*GNT04498400~
NM1*82*2*Sunnyside Citywide Home Care Services*****XX*1154407492~
DTM*232*20130721~
DTM*233*20130721~
DTM*050*20130801~
AMT*AU*110.32~
SVC*HC:S5125*110.32*110.32*0572*28~
DTM*472*20130721~
AMT*B6*110.32~
CLP*2524960012010494*1*63.04*63.04**16*0802201303384~
NM1*QC*1*Greenspan*Alice****MI*GNT04498400~
NM1*82*2*Sunnyside Citywide Home Care Services*****XX*1154407492~
DTM*232*20130722~
DTM*233*20130722~
DTM*050*20130801~
AMT*AU*63.04~
SVC*HC:S5125*63.04*63.04*0572*16~
DTM*472*20130722~
AMT*B6*63.04~
CLP*2524960012010494*1*63.04*63.04**16*0802201303385~
NM1*QC*1*Greenspan*Alice****MI*GNT04498400~
NM1*82*2*Sunnyside Citywide Home Care Services*****XX*1154407492~
DTM*232*20130723~
DTM*233*20130723~
DTM*050*20130801~
AMT*AU*63.04~
SVC*HC:S5125*63.04*63.04*0572*16~
DTM*472*20130723~
AMT*B6*63.04~
CLP*2524960012010494*1*63.04*63.04**16*0802201303386~
NM1*QC*1*Greenspan*Alice****MI*GNT04498400~
NM1*82*2*Sunnyside Citywide Home Care Services*****XX*1154407492~
DTM*232*20130724~
DTM*233*20130724~
DTM*050*20130801~
AMT*AU*63.04~
SVC*HC:S5125*63.04*63.04*0572*16~
DTM*472*20130724~
AMT*B6*63.04~
CLP*2524960012010494*1*63.04*63.04**16*0802201303387~
NM1*QC*1*Greenspan*Alice****MI*GNT04498400~
NM1*82*2*Sunnyside Citywide Home Care Services*****XX*1154407492~
DTM*232*20130725~
DTM*233*20130725~
DTM*050*20130801~
AMT*AU*63.04~
SVC*HC:S5125*63.04*63.04*0572*16~
DTM*472*20130725~
AMT*B6*63.04~
CLP*2524960012010494*1*63.04*63.04**16*0802201303388~
NM1*QC*1*Greenspan*Alice****MI*GNT04498400~
NM1*82*2*Sunnyside Citywide Home Care Services*****XX*1154407492~
DTM*232*20130726~
DTM*233*20130726~
DTM*050*20130801~
AMT*AU*63.04~
SVC*HC:S5125*63.04*63.04*0572*16~
DTM*472*20130726~
AMT*B6*63.04~
CLP*2524970012012037*1*78.8*78.8**16*0802201303389~
NM1*QC*1*Guerra*Mayra****MI*GNT02427000~
NM1*82*2*Sunnyside Citywide Home Care Services*****XX*1154407492~
DTM*232*20130720~
DTM*233*20130720~
DTM*050*20130801~
AMT*AU*78.8~
SVC*HC:T1019*78.8*78.8*0572*20~
DTM*472*20130720~
AMT*B6*78.8~
CLP*2524980012011770*1*63.04*63.04**16*0802201303390~
NM1*QC*1*Guzman*Alicia****MI*GNT00484900~
NM1*82*2*Sunnyside Citywide Home Care Services*****XX*1154407492~
DTM*232*20130723~
DTM*233*20130723~
DTM*050*20130801~
AMT*AU*63.04~
SVC*HC:T1019*63.04*63.04*0572*16~
DTM*472*20130723~
AMT*B6*63.04~
CLP*2524980012011770*1*63.04*63.04**16*0802201303391~
NM1*QC*1*Guzman*Alicia****MI*GNT00484900~
NM1*82*2*Sunnyside Citywide Home Care Services*****XX*1154407492~
DTM*232*20130724~
DTM*233*20130724~
DTM*050*20130801~
AMT*AU*63.04~
SVC*HC:T1019*63.04*63.04*0572*16~
DTM*472*20130724~
AMT*B6*63.04~
CLP*2524980012011770*1*63.04*63.04**16*0802201303392~
NM1*QC*1*Guzman*Alicia****MI*GNT00484900~
NM1*82*2*Sunnyside Citywide Home Care Services*****XX*1154407492~
DTM*232*20130725~
DTM*233*20130725~
DTM*050*20130801~
AMT*AU*63.04~
SVC*HC:T1019*63.04*63.04*0572*16~
DTM*472*20130725~
AMT*B6*63.04~
CLP*2524980012011770*1*63.04*63.04**16*0802201303393~
NM1*QC*1*Guzman*Alicia****MI*GNT00484900~
NM1*82*2*Sunnyside Citywide Home Care Services*****XX*1154407492~
DTM*232*20130726~
DTM*233*20130726~
DTM*050*20130801~
AMT*AU*63.04~
SVC*HC:T1019*63.04*63.04*0572*16~
DTM*472*20130726~
AMT*B6*63.04~
CLP*2524990012011600*1*86.68*86.68**16*0802201303394~
NM1*QC*1*Guzman*Edelmira****MI*GNT03023100~
NM1*82*2*Sunnyside Citywide Home Care Services*****XX*1154407492~
DTM*232*20130722~
DTM*233*20130722~
DTM*050*20130801~
AMT*AU*86.68~
SVC*HC:S5125*86.68*86.68*0572*22~
DTM*472*20130722~
AMT*B6*86.68~
CLP*2524990012011600*1*86.68*86.68**16*0802201303395~
NM1*QC*1*Guzman*Edelmira****MI*GNT03023100~
NM1*82*2*Sunnyside Citywide Home Care Services*****XX*1154407492~
DTM*232*20130723~
DTM*233*20130723~
DTM*050*20130801~
AMT*AU*86.68~
SVC*HC:S5125*86.68*86.68*0572*22~
DTM*472*20130723~
AMT*B6*86.68~
CLP*2524990012011600*1*86.68*86.68**16*0802201303396~
NM1*QC*1*Guzman*Edelmira****MI*GNT03023100~
NM1*82*2*Sunnyside Citywide Home Care Services*****XX*1154407492~
DTM*232*20130724~
DTM*233*20130724~
DTM*050*20130801~
AMT*AU*86.68~
SVC*HC:S5125*86.68*86.68*0572*22~
DTM*472*20130724~
AMT*B6*86.68~
CLP*2524990012011600*1*86.68*86.68**16*0802201303397~
NM1*QC*1*Guzman*Edelmira****MI*GNT03023100~
NM1*82*2*Sunnyside Citywide Home Care Services*****XX*1154407492~
DTM*232*20130725~
DTM*233*20130725~
DTM*050*20130801~
AMT*AU*86.68~
SVC*HC:S5125*86.68*86.68*0572*22~
DTM*472*20130725~
AMT*B6*86.68~
CLP*2524990012011600*1*86.68*86.68**16*0802201303398~
NM1*QC*1*Guzman*Edelmira****MI*GNT03023100~
NM1*82*2*Sunnyside Citywide Home Care Services*****XX*1154407492~
DTM*232*20130726~
DTM*233*20130726~
DTM*050*20130801~
AMT*AU*86.68~
SVC*HC:S5125*86.68*86.68*0572*22~
DTM*472*20130726~
AMT*B6*86.68~
CLP*2525000012011472*1*189.12*189.12**16*0802201303399~
NM1*QC*1*Henley*Luvenia****MI*GNT06160900~
NM1*82*2*Sunnyside Citywide Home Care Services*****XX*1154407492~
DTM*232*20130720~
DTM*233*20130720~
DTM*050*20130801~
AMT*AU*189.12~
SVC*HC:T1019*189.12*189.12*0572*48~
DTM*472*20130720~
AMT*B6*189.12~
CLP*2525000012011472*1*189.12*189.12**16*0802201303401~
NM1*QC*1*Henley*Luvenia****MI*GNT06160900~
NM1*82*2*Sunnyside Citywide Home Care Services*****XX*1154407492~
DTM*232*20130721~
DTM*233*20130721~
DTM*050*20130801~
AMT*AU*189.12~
SVC*HC:T1019*189.12*189.12*0572*48~
DTM*472*20130721~
AMT*B6*189.12~
CLP*2525000012011472*1*189.12*189.12**16*0802201303402~
NM1*QC*1*Henley*Luvenia****MI*GNT06160900~
NM1*82*2*Sunnyside Citywide Home Care Services*****XX*1154407492~
DTM*232*20130724~
DTM*233*20130724~
DTM*050*20130801~
AMT*AU*189.12~
SVC*HC:T1019*189.12*189.12*0572*48~
DTM*472*20130724~
AMT*B6*189.12~
CLP*2525000012011472*1*189.12*189.12**16*0802201303403~
NM1*QC*1*Henley*Luvenia****MI*GNT06160900~
NM1*82*2*Sunnyside Citywide Home Care Services*****XX*1154407492~
DTM*232*20130725~
DTM*233*20130725~
DTM*050*20130801~
AMT*AU*189.12~
SVC*HC:T1019*189.12*189.12*0572*48~
DTM*472*20130725~
AMT*B6*189.12~
CLP*2525010012011252*1*63.04*63.04**16*0802201303404~
NM1*QC*1*Henriquez*Teresa****MI*GNT06350600~
NM1*82*2*Sunnyside Citywide Home Care Services*****XX*1154407492~
DTM*232*20130720~
DTM*233*20130720~
DTM*050*20130801~
AMT*AU*63.04~
SVC*HC:S5125*63.04*63.04*0572*16~
DTM*472*20130720~
AMT*B6*63.04~
CLP*2525010012011252*1*63.04*63.04**16*0802201303405~
NM1*QC*1*Henriquez*Teresa****MI*GNT06350600~
NM1*82*2*Sunnyside Citywide Home Care Services*****XX*1154407492~
DTM*232*20130721~
DTM*233*20130721~
DTM*050*20130801~
AMT*AU*63.04~
SVC*HC:S5125*63.04*63.04*0572*16~
DTM*472*20130721~
AMT*B6*63.04~
CLP*2525010012011252*1*126.08*126.08**16*0802201303406~
NM1*QC*1*Henriquez*Teresa****MI*GNT06350600~
NM1*82*2*Sunnyside Citywide Home Care Services*****XX*1154407492~
DTM*232*20130722~
DTM*233*20130722~
DTM*050*20130801~
AMT*AU*126.08~
SVC*HC:S5125*126.08*126.08*0572*32~
DTM*472*20130722~
AMT*B6*126.08~
CLP*2525010012011252*1*126.08*126.08**16*0802201303407~
NM1*QC*1*Henriquez*Teresa****MI*GNT06350600~
NM1*82*2*Sunnyside Citywide Home Care Services*****XX*1154407492~
DTM*232*20130723~
DTM*233*20130723~
DTM*050*20130801~
AMT*AU*126.08~
SVC*HC:S5125*126.08*126.08*0572*32~
DTM*472*20130723~
AMT*B6*126.08~
CLP*2525010012011252*1*126.08*126.08**16*0802201303408~
NM1*QC*1*Henriquez*Teresa****MI*GNT06350600~
NM1*82*2*Sunnyside Citywide Home Care Services*****XX*1154407492~
DTM*232*20130724~
DTM*233*20130724~
DTM*050*20130801~
AMT*AU*126.08~
SVC*HC:S5125*126.08*126.08*0572*32~
DTM*472*20130724~
AMT*B6*126.08~
CLP*2525010012011252*1*126.08*126.08**16*0802201303409~
NM1*QC*1*Henriquez*Teresa****MI*GNT06350600~
NM1*82*2*Sunnyside Citywide Home Care Services*****XX*1154407492~
DTM*232*20130725~
DTM*233*20130725~
DTM*050*20130801~
AMT*AU*126.08~
SVC*HC:S5125*126.08*126.08*0572*32~
DTM*472*20130725~
AMT*B6*126.08~
CLP*2525010012011252*1*126.08*126.08**16*0802201303410~
NM1*QC*1*Henriquez*Teresa****MI*GNT06350600~
NM1*82*2*Sunnyside Citywide Home Care Services*****XX*1154407492~
DTM*232*20130726~
DTM*233*20130726~
DTM*050*20130801~
AMT*AU*126.08~
SVC*HC:S5125*126.08*126.08*0572*32~
DTM*472*20130726~
AMT*B6*126.08~
CLP*2525040012009400*1*23.64*23.64**16*0802201303423~
NM1*QC*1*Hustiu*Silvia****MI*GNT05850100~
NM1*82*2*Sunnyside Citywide Home Care Services*****XX*1154407492~
DTM*232*20130724~
DTM*233*20130724~
DTM*050*20130801~
AMT*AU*23.64~
SVC*HC:S5125*23.64*23.64*0572*6~
DTM*472*20130724~
AMT*B6*23.64~
CLP*2525050012011864*1*378.24*378.24**16*0802201303424~
NM1*QC*1*Iglesias*Juana****MI*GNT00117600~
NM1*82*2*Sunnyside Citywide Home Care Services*****XX*1154407492~
DTM*232*20130720~
DTM*233*20130720~
DTM*050*20130801~
AMT*AU*378.24~
SVC*HC:S5125*378.24*378.24*0572*96~
DTM*472*20130720~
AMT*B6*378.24~
CLP*2525050012011864*1*378.24*378.24**16*0802201303425~
NM1*QC*1*Iglesias*Juana****MI*GNT00117600~
NM1*82*2*Sunnyside Citywide Home Care Services*****XX*1154407492~
DTM*232*20130721~
DTM*233*20130721~
DTM*050*20130801~
AMT*AU*378.24~
SVC*HC:S5125*378.24*378.24*0572*96~
DTM*472*20130721~
AMT*B6*378.24~
CLP*2525050012011864*1*378.24*378.24**16*0802201303426~
NM1*QC*1*Iglesias*Juana****MI*GNT00117600~
NM1*82*2*Sunnyside Citywide Home Care Services*****XX*1154407492~
DTM*232*20130722~
DTM*233*20130722~
DTM*050*20130801~
AMT*AU*378.24~
SVC*HC:S5125*378.24*378.24*0572*96~
DTM*472*20130722~
AMT*B6*378.24~
CLP*2525050012011864*1*378.24*378.24**16*0802201303427~
NM1*QC*1*Iglesias*Juana****MI*GNT00117600~
NM1*82*2*Sunnyside Citywide Home Care Services*****XX*1154407492~
DTM*232*20130723~
DTM*233*20130723~
DTM*050*20130801~
AMT*AU*378.24~
SVC*HC:S5125*378.24*378.24*0572*96~
DTM*472*20130723~
AMT*B6*378.24~
CLP*2525050012011864*1*378.24*378.24**16*0802201303428~
NM1*QC*1*Iglesias*Juana****MI*GNT00117600~
NM1*82*2*Sunnyside Citywide Home Care Services*****XX*1154407492~
DTM*232*20130724~
DTM*233*20130724~
DTM*050*20130801~
AMT*AU*378.24~
SVC*HC:S5125*378.24*378.24*0572*96~
DTM*472*20130724~
AMT*B6*378.24~
CLP*2525050012011864*1*378.24*378.24**16*0802201303429~
NM1*QC*1*Iglesias*Juana****MI*GNT00117600~
NM1*82*2*Sunnyside Citywide Home Care Services*****XX*1154407492~
DTM*232*20130725~
DTM*233*20130725~
DTM*050*20130801~
AMT*AU*378.24~
SVC*HC:S5125*378.24*378.24*0572*96~
DTM*472*20130725~
AMT*B6*378.24~
CLP*2525050012011864*1*378.24*378.24**16*0802201303430~
NM1*QC*1*Iglesias*Juana****MI*GNT00117600~
NM1*82*2*Sunnyside Citywide Home Care Services*****XX*1154407492~
DTM*232*20130726~
DTM*233*20130726~
DTM*050*20130801~
AMT*AU*378.24~
SVC*HC:S5125*378.24*378.24*0572*96~
DTM*472*20130726~
AMT*B6*378.24~
CLP*2525060012012309*1*126.08*126.08**16*0802201303431~
NM1*QC*1*Irimia*Simona****MI*GNT03605700~
NM1*82*2*Sunnyside Citywide Home Care Services*****XX*1154407492~
DTM*232*20130720~
DTM*233*20130720~
DTM*050*20130801~
AMT*AU*126.08~
SVC*HC:T1019*126.08*126.08*0572*32~
DTM*472*20130720~
AMT*B6*126.08~
CLP*2525060012012309*1*126.08*126.08**16*0802201303432~
NM1*QC*1*Irimia*Simona****MI*GNT03605700~
NM1*82*2*Sunnyside Citywide Home Care Services*****XX*1154407492~
DTM*232*20130721~
DTM*233*20130721~
DTM*050*20130801~
AMT*AU*126.08~
SVC*HC:T1019*126.08*126.08*0572*32~
DTM*472*20130721~
AMT*B6*126.08~
CLP*2525060012012309*1*126.08*126.08**16*0802201303433~
NM1*QC*1*Irimia*Simona****MI*GNT03605700~
NM1*82*2*Sunnyside Citywide Home Care Services*****XX*1154407492~
DTM*232*20130722~
DTM*233*20130722~
DTM*050*20130801~
AMT*AU*126.08~
SVC*HC:T1019*126.08*126.08*0572*32~
DTM*472*20130722~
AMT*B6*126.08~
CLP*2525060012012309*1*126.08*126.08**16*0802201303434~
NM1*QC*1*Irimia*Simona****MI*GNT03605700~
NM1*82*2*Sunnyside Citywide Home Care Services*****XX*1154407492~
DTM*232*20130723~
DTM*233*20130723~
DTM*050*20130801~
AMT*AU*126.08~
SVC*HC:T1019*126.08*126.08*0572*32~
DTM*472*20130723~
AMT*B6*126.08~
CLP*2525060012012309*1*126.08*126.08**16*0802201303435~
NM1*QC*1*Irimia*Simona****MI*GNT03605700~
NM1*82*2*Sunnyside Citywide Home Care Services*****XX*1154407492~
DTM*232*20130724~
DTM*233*20130724~
DTM*050*20130801~
AMT*AU*126.08~
SVC*HC:T1019*126.08*126.08*0572*32~
DTM*472*20130724~
AMT*B6*126.08~
CLP*2525060012012309*1*126.08*126.08**16*0802201303436~
NM1*QC*1*Irimia*Simona****MI*GNT03605700~
NM1*82*2*Sunnyside Citywide Home Care Services*****XX*1154407492~
DTM*232*20130725~
DTM*233*20130725~
DTM*050*20130801~
AMT*AU*126.08~
SVC*HC:T1019*126.08*126.08*0572*32~
DTM*472*20130725~
AMT*B6*126.08~
CLP*2525060012012309*1*70.92*70.92**16*0802201303437~
NM1*QC*1*Irimia*Simona****MI*GNT03605700~
NM1*82*2*Sunnyside Citywide Home Care Services*****XX*1154407492~
DTM*232*20130726~
DTM*233*20130726~
DTM*050*20130801~
AMT*AU*70.92~
SVC*HC:T1019*70.92*70.92*0572*18~
DTM*472*20130726~
AMT*B6*70.92~
CLP*2525070012011980*1*78.8*78.8**16*0802201303438~
NM1*QC*1*Irizarry*Estrella****MI*GNT02485000~
NM1*82*2*Sunnyside Citywide Home Care Services*****XX*1154407492~
DTM*232*20130716~
DTM*233*20130716~
DTM*050*20130801~
AMT*AU*78.8~
SVC*HC:S5125*78.8*78.8*0572*20~
DTM*472*20130716~
AMT*B6*78.8~
CLP*2525070012011980*1*78.8*78.8**16*0802201303439~
NM1*QC*1*Irizarry*Estrella****MI*GNT02485000~
NM1*82*2*Sunnyside Citywide Home Care Services*****XX*1154407492~
DTM*232*20130720~
DTM*233*20130720~
DTM*050*20130801~
AMT*AU*78.8~
SVC*HC:S5125*78.8*78.8*0572*20~
DTM*472*20130720~
AMT*B6*78.8~
CLP*2525070012011980*1*78.8*78.8**16*0802201303440~
NM1*QC*1*Irizarry*Estrella****MI*GNT02485000~
NM1*82*2*Sunnyside Citywide Home Care Services*****XX*1154407492~
DTM*232*20130721~
DTM*233*20130721~
DTM*050*20130801~
AMT*AU*78.8~
SVC*HC:S5125*78.8*78.8*0572*20~
DTM*472*20130721~
AMT*B6*78.8~
CLP*2525080012011601*1*78.8*78.8**16*0802201303441~
NM1*QC*1*Jackson*Patricia****MI*GNT04501100~
NM1*82*2*Sunnyside Citywide Home Care Services*****XX*1154407492~
DTM*232*20130722~
DTM*233*20130722~
DTM*050*20130801~
AMT*AU*78.8~
SVC*HC:T1019*78.8*78.8*0572*20~
DTM*472*20130722~
AMT*B6*78.8~
CLP*2525080012011601*1*78.8*78.8**16*0802201303442~
NM1*QC*1*Jackson*Patricia****MI*GNT04501100~
NM1*82*2*Sunnyside Citywide Home Care Services*****XX*1154407492~
DTM*232*20130723~
DTM*233*20130723~
DTM*050*20130801~
AMT*AU*78.8~
SVC*HC:T1019*78.8*78.8*0572*20~
DTM*472*20130723~
AMT*B6*78.8~
CLP*2525080012011601*1*78.8*78.8**16*0802201303443~
NM1*QC*1*Jackson*Patricia****MI*GNT04501100~
NM1*82*2*Sunnyside Citywide Home Care Services*****XX*1154407492~
DTM*232*20130724~
DTM*233*20130724~
DTM*050*20130801~
AMT*AU*78.8~
SVC*HC:T1019*78.8*78.8*0572*20~
DTM*472*20130724~
AMT*B6*78.8~
CLP*2525080012011601*1*78.8*78.8**16*0802201303444~
NM1*QC*1*Jackson*Patricia****MI*GNT04501100~
NM1*82*2*Sunnyside Citywide Home Care Services*****XX*1154407492~
DTM*232*20130725~
DTM*233*20130725~
DTM*050*20130801~
AMT*AU*78.8~
SVC*HC:T1019*78.8*78.8*0572*20~
DTM*472*20130725~
AMT*B6*78.8~
CLP*2525080012011601*1*78.8*78.8**16*0802201303445~
NM1*QC*1*Jackson*Patricia****MI*GNT04501100~
NM1*82*2*Sunnyside Citywide Home Care Services*****XX*1154407492~
DTM*232*20130726~
DTM*233*20130726~
DTM*050*20130801~
AMT*AU*78.8~
SVC*HC:T1019*78.8*78.8*0572*20~
DTM*472*20130726~
AMT*B6*78.8~
CLP*2525090012012758*1*141.84*141.84**16*0802201303446~
NM1*QC*1*Jaime*Rosalba****MI*GNT03692000~
NM1*82*2*Sunnyside Citywide Home Care Services*****XX*1154407492~
DTM*232*20130720~
DTM*233*20130720~
DTM*050*20130801~
AMT*AU*141.84~
SVC*HC:T1019*141.84*141.84*0572*36~
DTM*472*20130720~
AMT*B6*141.84~
CLP*2525090012012758*1*141.84*141.84**16*0802201303447~
NM1*QC*1*Jaime*Rosalba****MI*GNT03692000~
NM1*82*2*Sunnyside Citywide Home Care Services*****XX*1154407492~
DTM*232*20130722~
DTM*233*20130722~
DTM*050*20130801~
AMT*AU*141.84~
SVC*HC:T1019*141.84*141.84*0572*36~
DTM*472*20130722~
AMT*B6*141.84~
CLP*2525090012012758*1*141.84*141.84**16*0802201303448~
NM1*QC*1*Jaime*Rosalba****MI*GNT03692000~
NM1*82*2*Sunnyside Citywide Home Care Services*****XX*1154407492~
DTM*232*20130723~
DTM*233*20130723~
DTM*050*20130801~
AMT*AU*141.84~
SVC*HC:T1019*141.84*141.84*0572*36~
DTM*472*20130723~
AMT*B6*141.84~
CLP*2525090012012758*1*141.84*141.84**16*0802201303449~
NM1*QC*1*Jaime*Rosalba****MI*GNT03692000~
NM1*82*2*Sunnyside Citywide Home Care Services*****XX*1154407492~
DTM*232*20130724~
DTM*233*20130724~
DTM*050*20130801~
AMT*AU*141.84~
SVC*HC:T1019*141.84*141.84*0572*36~
DTM*472*20130724~
AMT*B6*141.84~
CLP*2525090012012758*1*137.9*137.9**16*0802201303450~
NM1*QC*1*Jaime*Rosalba****MI*GNT03692000~
NM1*82*2*Sunnyside Citywide Home Care Services*****XX*1154407492~
DTM*232*20130725~
DTM*233*20130725~
DTM*050*20130801~
AMT*AU*137.9~
SVC*HC:T1019*137.9*137.9*0572*35~
DTM*472*20130725~
AMT*B6*137.9~
CLP*2525090012012758*1*141.84*141.84**16*0802201303451~
NM1*QC*1*Jaime*Rosalba****MI*GNT03692000~
NM1*82*2*Sunnyside Citywide Home Care Services*****XX*1154407492~
DTM*232*20130726~
DTM*233*20130726~
DTM*050*20130801~
AMT*AU*141.84~
SVC*HC:T1019*141.84*141.84*0572*36~
DTM*472*20130726~
AMT*B6*141.84~
CLP*2525100012003254*1*181.24*181.24**16*0802201303452~
NM1*QC*1*Jimenez*Eugenia****MI*GNT04164400~
NM1*82*2*Sunnyside Citywide Home Care Services*****XX*1154407492~
DTM*232*20130716~
DTM*233*20130716~
DTM*050*20130801~
AMT*AU*181.24~
SVC*HC:T1019*181.24*181.24*0572*46~
DTM*472*20130716~
AMT*B6*181.24~
CLP*2525100012003254*1*181.24*181.24**16*0802201303453~
NM1*QC*1*Jimenez*Eugenia****MI*GNT04164400~
NM1*82*2*Sunnyside Citywide Home Care Services*****XX*1154407492~
DTM*232*20130717~
DTM*233*20130717~
DTM*050*20130801~
AMT*AU*181.24~
SVC*HC:T1019*181.24*181.24*0572*46~
DTM*472*20130717~
AMT*B6*181.24~
CLP*2525100012003254*1*165.48*165.48**16*0802201303454~
NM1*QC*1*Jimenez*Eugenia****MI*GNT04164400~
NM1*82*2*Sunnyside Citywide Home Care Services*****XX*1154407492~
DTM*232*20130720~
DTM*233*20130720~
DTM*050*20130801~
AMT*AU*165.48~
SVC*HC:T1019*165.48*165.48*0572*42~
DTM*472*20130720~
AMT*B6*165.48~
CLP*2525100012003254*1*181.24*181.24**16*0802201303455~
NM1*QC*1*Jimenez*Eugenia****MI*GNT04164400~
NM1*82*2*Sunnyside Citywide Home Care Services*****XX*1154407492~
DTM*232*20130721~
DTM*233*20130721~
DTM*050*20130801~
AMT*AU*181.24~
SVC*HC:T1019*181.24*181.24*0572*46~
DTM*472*20130721~
AMT*B6*181.24~
CLP*2525100012003254*1*181.24*181.24**16*0802201303456~
NM1*QC*1*Jimenez*Eugenia****MI*GNT04164400~
NM1*82*2*Sunnyside Citywide Home Care Services*****XX*1154407492~
DTM*232*20130722~
DTM*233*20130722~
DTM*050*20130801~
AMT*AU*181.24~
SVC*HC:T1019*181.24*181.24*0572*46~
DTM*472*20130722~
AMT*B6*181.24~
CLP*2525100012003254*1*181.24*181.24**16*0802201303457~
NM1*QC*1*Jimenez*Eugenia****MI*GNT04164400~
NM1*82*2*Sunnyside Citywide Home Care Services*****XX*1154407492~
DTM*232*20130723~
DTM*233*20130723~
DTM*050*20130801~
AMT*AU*181.24~
SVC*HC:T1019*181.24*181.24*0572*46~
DTM*472*20130723~
AMT*B6*181.24~
CLP*2525100012003254*1*181.24*181.24**16*0802201303458~
NM1*QC*1*Jimenez*Eugenia****MI*GNT04164400~
NM1*82*2*Sunnyside Citywide Home Care Services*****XX*1154407492~
DTM*232*20130724~
DTM*233*20130724~
DTM*050*20130801~
AMT*AU*181.24~
SVC*HC:T1019*181.24*181.24*0572*46~
DTM*472*20130724~
AMT*B6*181.24~
CLP*2525100012003254*1*181.24*181.24**16*0802201303459~
NM1*QC*1*Jimenez*Eugenia****MI*GNT04164400~
NM1*82*2*Sunnyside Citywide Home Care Services*****XX*1154407492~
DTM*232*20130725~
DTM*233*20130725~
DTM*050*20130801~
AMT*AU*181.24~
SVC*HC:T1019*181.24*181.24*0572*46~
DTM*472*20130725~
AMT*B6*181.24~
CLP*2525100012003254*1*165.48*165.48**16*0802201303460~
NM1*QC*1*Jimenez*Eugenia****MI*GNT04164400~
NM1*82*2*Sunnyside Citywide Home Care Services*****XX*1154407492~
DTM*232*20130726~
DTM*233*20130726~
DTM*050*20130801~
AMT*AU*165.48~
SVC*HC:T1019*165.48*165.48*0572*42~
DTM*472*20130726~
AMT*B6*165.48~
CLP*2525110012006080*1*189.12*189.12**16*0802201303461~
NM1*QC*1*Johnson*Dorothy****MI*GNT04334500~
NM1*82*2*Sunnyside Citywide Home Care Services*****XX*1154407492~
DTM*232*20130720~
DTM*233*20130720~
DTM*050*20130801~
AMT*AU*189.12~
SVC*HC:S5125*189.12*189.12*0572*48~
DTM*472*20130720~
AMT*B6*189.12~
CLP*2525110012006080*1*189.12*189.12**16*0802201303462~
NM1*QC*1*Johnson*Dorothy****MI*GNT04334500~
NM1*82*2*Sunnyside Citywide Home Care Services*****XX*1154407492~
DTM*232*20130721~
DTM*233*20130721~
DTM*050*20130801~
AMT*AU*189.12~
SVC*HC:S5125*189.12*189.12*0572*48~
DTM*472*20130721~
AMT*B6*189.12~
CLP*2525110012006080*1*189.12*189.12**16*0802201303463~
NM1*QC*1*Johnson*Dorothy****MI*GNT04334500~
NM1*82*2*Sunnyside Citywide Home Care Services*****XX*1154407492~
DTM*232*20130722~
DTM*233*20130722~
DTM*050*20130801~
AMT*AU*189.12~
SVC*HC:S5125*189.12*189.12*0572*48~
DTM*472*20130722~
AMT*B6*189.12~
CLP*2525110012006080*1*189.12*189.12**16*0802201303464~
NM1*QC*1*Johnson*Dorothy****MI*GNT04334500~
NM1*82*2*Sunnyside Citywide Home Care Services*****XX*1154407492~
DTM*232*20130723~
DTM*233*20130723~
DTM*050*20130801~
AMT*AU*189.12~
SVC*HC:S5125*189.12*189.12*0572*48~
DTM*472*20130723~
AMT*B6*189.12~
CLP*2525110012006080*1*189.12*189.12**16*0802201303465~
NM1*QC*1*Johnson*Dorothy****MI*GNT04334500~
NM1*82*2*Sunnyside Citywide Home Care Services*****XX*1154407492~
DTM*232*20130724~
DTM*233*20130724~
DTM*050*20130801~
AMT*AU*189.12~
SVC*HC:S5125*189.12*189.12*0572*48~
DTM*472*20130724~
AMT*B6*189.12~
CLP*2525110012006080*1*189.12*189.12**16*0802201303466~
NM1*QC*1*Johnson*Dorothy****MI*GNT04334500~
NM1*82*2*Sunnyside Citywide Home Care Services*****XX*1154407492~
DTM*232*20130725~
DTM*233*20130725~
DTM*050*20130801~
AMT*AU*189.12~
SVC*HC:S5125*189.12*189.12*0572*48~
DTM*472*20130725~
AMT*B6*189.12~
CLP*2525110012006080*1*189.12*189.12**16*0802201303467~
NM1*QC*1*Johnson*Dorothy****MI*GNT04334500~
NM1*82*2*Sunnyside Citywide Home Care Services*****XX*1154407492~
DTM*232*20130726~
DTM*233*20130726~
DTM*050*20130801~
AMT*AU*189.12~
SVC*HC:S5125*189.12*189.12*0572*48~
DTM*472*20130726~
AMT*B6*189.12~
CLP*2525120012011855*1*63.04*63.04**16*0802201303468~
NM1*QC*1*Jones*Lucille****MI*GNT04367400~
NM1*82*2*Sunnyside Citywide Home Care Services*****XX*1154407492~
DTM*232*20130722~
DTM*233*20130722~
DTM*050*20130801~
AMT*AU*63.04~
SVC*HC:T1019*63.04*63.04*0572*16~
DTM*472*20130722~
AMT*B6*63.04~
CLP*2525120012011855*1*63.04*63.04**16*0802201303469~
NM1*QC*1*Jones*Lucille****MI*GNT04367400~
NM1*82*2*Sunnyside Citywide Home Care Services*****XX*1154407492~
DTM*232*20130724~
DTM*233*20130724~
DTM*050*20130801~
AMT*AU*63.04~
SVC*HC:T1019*63.04*63.04*0572*16~
DTM*472*20130724~
AMT*B6*63.04~
CLP*2525120012011855*1*63.04*63.04**16*0802201303470~
NM1*QC*1*Jones*Lucille****MI*GNT04367400~
NM1*82*2*Sunnyside Citywide Home Care Services*****XX*1154407492~
DTM*232*20130726~
DTM*233*20130726~
DTM*050*20130801~
AMT*AU*63.04~
SVC*HC:T1019*63.04*63.04*0572*16~
DTM*472*20130726~
AMT*B6*63.04~
CLP*2525130012013411*1*189.12*189.12**16*0802201303471~
NM1*QC*1*Jorge*Ana****MI*GNT07185600~
NM1*82*2*Sunnyside Citywide Home Care Services*****XX*1154407492~
DTM*232*20130720~
DTM*233*20130720~
DTM*050*20130801~
AMT*AU*189.12~
SVC*HC:S5125*189.12*189.12*0572*48~
DTM*472*20130720~
AMT*B6*189.12~
CLP*2525130012013411*1*189.12*189.12**16*0802201303472~
NM1*QC*1*Jorge*Ana****MI*GNT07185600~
NM1*82*2*Sunnyside Citywide Home Care Services*****XX*1154407492~
DTM*232*20130721~
DTM*233*20130721~
DTM*050*20130801~
AMT*AU*189.12~
SVC*HC:S5125*189.12*189.12*0572*48~
DTM*472*20130721~
AMT*B6*189.12~
CLP*2525130012013411*1*189.12*189.12**16*0802201303473~
NM1*QC*1*Jorge*Ana****MI*GNT07185600~
NM1*82*2*Sunnyside Citywide Home Care Services*****XX*1154407492~
DTM*232*20130722~
DTM*233*20130722~
DTM*050*20130801~
AMT*AU*189.12~
SVC*HC:S5125*189.12*189.12*0572*48~
DTM*472*20130722~
AMT*B6*189.12~
CLP*2525130012013411*1*189.12*189.12**16*0802201303474~
NM1*QC*1*Jorge*Ana****MI*GNT07185600~
NM1*82*2*Sunnyside Citywide Home Care Services*****XX*1154407492~
DTM*232*20130723~
DTM*233*20130723~
DTM*050*20130801~
AMT*AU*189.12~
SVC*HC:S5125*189.12*189.12*0572*48~
DTM*472*20130723~
AMT*B6*189.12~
CLP*2525130012013411*1*189.12*189.12**16*0802201303475~
NM1*QC*1*Jorge*Ana****MI*GNT07185600~
NM1*82*2*Sunnyside Citywide Home Care Services*****XX*1154407492~
DTM*232*20130724~
DTM*233*20130724~
DTM*050*20130801~
AMT*AU*189.12~
SVC*HC:S5125*189.12*189.12*0572*48~
DTM*472*20130724~
AMT*B6*189.12~
CLP*2525130012013411*1*189.12*189.12**16*0802201303476~
NM1*QC*1*Jorge*Ana****MI*GNT07185600~
NM1*82*2*Sunnyside Citywide Home Care Services*****XX*1154407492~
DTM*232*20130725~
DTM*233*20130725~
DTM*050*20130801~
AMT*AU*189.12~
SVC*HC:S5125*189.12*189.12*0572*48~
DTM*472*20130725~
AMT*B6*189.12~
CLP*2525130012013411*1*189.12*189.12**16*0802201303477~
NM1*QC*1*Jorge*Ana****MI*GNT07185600~
NM1*82*2*Sunnyside Citywide Home Care Services*****XX*1154407492~
DTM*232*20130726~
DTM*233*20130726~
DTM*050*20130801~
AMT*AU*189.12~
SVC*HC:S5125*189.12*189.12*0572*48~
DTM*472*20130726~
AMT*B6*189.12~
CLP*2525150012013624*1*63.04*63.04**16*0802201303484~
NM1*QC*1*Larkin*Annie****MI*GNT00419300~
NM1*82*2*Sunnyside Citywide Home Care Services*****XX*1154407492~
DTM*232*20130722~
DTM*233*20130722~
DTM*050*20130801~
AMT*AU*63.04~
SVC*HC:S5125*63.04*63.04*0572*16~
DTM*472*20130722~
AMT*B6*63.04~
CLP*2525150012013624*1*63.04*63.04**16*0802201303485~
NM1*QC*1*Larkin*Annie****MI*GNT00419300~
NM1*82*2*Sunnyside Citywide Home Care Services*****XX*1154407492~
DTM*232*20130723~
DTM*233*20130723~
DTM*050*20130801~
AMT*AU*63.04~
SVC*HC:S5125*63.04*63.04*0572*16~
DTM*472*20130723~
AMT*B6*63.04~
CLP*2525150012013624*1*55.16*55.16**16*0802201303486~
NM1*QC*1*Larkin*Annie****MI*GNT00419300~
NM1*82*2*Sunnyside Citywide Home Care Services*****XX*1154407492~
DTM*232*20130724~
DTM*233*20130724~
DTM*050*20130801~
AMT*AU*55.16~
SVC*HC:S5125*55.16*55.16*0572*14~
DTM*472*20130724~
AMT*B6*55.16~
CLP*2525150012013624*1*63.04*63.04**16*0802201303487~
NM1*QC*1*Larkin*Annie****MI*GNT00419300~
NM1*82*2*Sunnyside Citywide Home Care Services*****XX*1154407492~
DTM*232*20130725~
DTM*233*20130725~
DTM*050*20130801~
AMT*AU*63.04~
SVC*HC:S5125*63.04*63.04*0572*16~
DTM*472*20130725~
AMT*B6*63.04~
CLP*2525150012013624*1*63.04*63.04**16*0802201303488~
NM1*QC*1*Larkin*Annie****MI*GNT00419300~
NM1*82*2*Sunnyside Citywide Home Care Services*****XX*1154407492~
DTM*232*20130726~
DTM*233*20130726~
DTM*050*20130801~
AMT*AU*63.04~
SVC*HC:S5125*63.04*63.04*0572*16~
DTM*472*20130726~
AMT*B6*63.04~
CLP*2525160012011771*4*63.04*0**16*0802201303489~
NM1*QC*1*Lemoine*Ricarda****MI*GNT03700100~
NM1*82*2*Sunnyside Citywide Home Care Services*****XX*1154407492~
DTM*232*20130720~
DTM*233*20130720~
DTM*050*20130801~
AMT*AU*63.04~
SVC*HC:S5125*63.04*0*0572*0~
DTM*472*20130720~
CAS*OA*31*63.04~
AMT*B6*63.04~
CLP*2525160012011771*4*63.04*0**16*0802201303490~
NM1*QC*1*Lemoine*Ricarda****MI*GNT03700100~
NM1*82*2*Sunnyside Citywide Home Care Services*****XX*1154407492~
DTM*232*20130721~
DTM*233*20130721~
DTM*050*20130801~
AMT*AU*63.04~
SVC*HC:S5125*63.04*0*0572*0~
DTM*472*20130721~
CAS*OA*31*63.04~
AMT*B6*63.04~
CLP*2525160012011771*4*63.04*0**16*0802201303491~
NM1*QC*1*Lemoine*Ricarda****MI*GNT03700100~
NM1*82*2*Sunnyside Citywide Home Care Services*****XX*1154407492~
DTM*232*20130722~
DTM*233*20130722~
DTM*050*20130801~
AMT*AU*63.04~
SVC*HC:S5125*63.04*0*0572*0~
DTM*472*20130722~
CAS*OA*31*63.04~
AMT*B6*63.04~
CLP*2525160012011771*4*63.04*0**16*0802201303492~
NM1*QC*1*Lemoine*Ricarda****MI*GNT03700100~
NM1*82*2*Sunnyside Citywide Home Care Services*****XX*1154407492~
DTM*232*20130723~
DTM*233*20130723~
DTM*050*20130801~
AMT*AU*63.04~
SVC*HC:S5125*63.04*0*0572*0~
DTM*472*20130723~
CAS*OA*31*63.04~
AMT*B6*63.04~
CLP*2525160012011771*4*63.04*0**16*0802201303493~
NM1*QC*1*Lemoine*Ricarda****MI*GNT03700100~
NM1*82*2*Sunnyside Citywide Home Care Services*****XX*1154407492~
DTM*232*20130724~
DTM*233*20130724~
DTM*050*20130801~
AMT*AU*63.04~
SVC*HC:S5125*63.04*0*0572*0~
DTM*472*20130724~
CAS*OA*31*63.04~
AMT*B6*63.04~
CLP*2525160012011771*4*63.04*0**16*0802201303494~
NM1*QC*1*Lemoine*Ricarda****MI*GNT03700100~
NM1*82*2*Sunnyside Citywide Home Care Services*****XX*1154407492~
DTM*232*20130725~
DTM*233*20130725~
DTM*050*20130801~
AMT*AU*63.04~
SVC*HC:S5125*63.04*0*0572*0~
DTM*472*20130725~
CAS*OA*31*63.04~
AMT*B6*63.04~
CLP*2525160012011771*4*63.04*0**16*0802201303495~
NM1*QC*1*Lemoine*Ricarda****MI*GNT03700100~
NM1*82*2*Sunnyside Citywide Home Care Services*****XX*1154407492~
DTM*232*20130726~
DTM*233*20130726~
DTM*050*20130801~
AMT*AU*63.04~
SVC*HC:S5125*63.04*0*0572*0~
DTM*472*20130726~
CAS*OA*31*63.04~
AMT*B6*63.04~
CLP*2525170012011854*1*110.32*110.32**16*0802201303496~
NM1*QC*1*Lopez*Carmen****MI*GNT02469800~
NM1*82*2*Sunnyside Citywide Home Care Services*****XX*1154407492~
DTM*232*20130708~
DTM*233*20130708~
DTM*050*20130801~
AMT*AU*110.32~
SVC*HC:S5125*110.32*110.32*0572*28~
DTM*472*20130708~
AMT*B6*110.32~
CLP*2525170012011854*1*94.56*94.56**16*0802201303497~
NM1*QC*1*Lopez*Carmen****MI*GNT02469800~
NM1*82*2*Sunnyside Citywide Home Care Services*****XX*1154407492~
DTM*232*20130720~
DTM*233*20130720~
DTM*050*20130801~
AMT*AU*94.56~
SVC*HC:S5125*94.56*94.56*0572*24~
DTM*472*20130720~
AMT*B6*94.56~
CLP*2525170012011854*1*94.56*94.56**16*0802201303498~
NM1*QC*1*Lopez*Carmen****MI*GNT02469800~
NM1*82*2*Sunnyside Citywide Home Care Services*****XX*1154407492~
DTM*232*20130721~
DTM*233*20130721~
DTM*050*20130801~
AMT*AU*94.56~
SVC*HC:S5125*94.56*94.56*0572*24~
DTM*472*20130721~
AMT*B6*94.56~
CLP*2525170012011854*1*110.32*110.32**16*0802201303499~
NM1*QC*1*Lopez*Carmen****MI*GNT02469800~
NM1*82*2*Sunnyside Citywide Home Care Services*****XX*1154407492~
DTM*232*20130723~
DTM*233*20130723~
DTM*050*20130801~
AMT*AU*110.32~
SVC*HC:S5125*110.32*110.32*0572*28~
DTM*472*20130723~
AMT*B6*110.32~
CLP*2525170012011854*1*110.32*110.32**16*0802201303501~
NM1*QC*1*Lopez*Carmen****MI*GNT02469800~
NM1*82*2*Sunnyside Citywide Home Care Services*****XX*1154407492~
DTM*232*20130724~
DTM*233*20130724~
DTM*050*20130801~
AMT*AU*110.32~
SVC*HC:S5125*110.32*110.32*0572*28~
DTM*472*20130724~
AMT*B6*110.32~
CLP*2525170012011854*1*110.32*110.32**16*0802201303502~
NM1*QC*1*Lopez*Carmen****MI*GNT02469800~
NM1*82*2*Sunnyside Citywide Home Care Services*****XX*1154407492~
DTM*232*20130725~
DTM*233*20130725~
DTM*050*20130801~
AMT*AU*110.32~
SVC*HC:S5125*110.32*110.32*0572*28~
DTM*472*20130725~
AMT*B6*110.32~
CLP*2525170012011854*1*110.32*110.32**16*0802201303503~
NM1*QC*1*Lopez*Carmen****MI*GNT02469800~
NM1*82*2*Sunnyside Citywide Home Care Services*****XX*1154407492~
DTM*232*20130726~
DTM*233*20130726~
DTM*050*20130801~
AMT*AU*110.32~
SVC*HC:S5125*110.32*110.32*0572*28~
DTM*472*20130726~
AMT*B6*110.32~
CLP*2525180012011694*1*126.08*126.08**16*0802201303504~
NM1*QC*1*Lora*Fernando****MI*GNT03342600~
NM1*82*2*Sunnyside Citywide Home Care Services*****XX*1154407492~
DTM*232*20130716~
DTM*233*20130716~
DTM*050*20130801~
AMT*AU*126.08~
SVC*HC:S5125*126.08*126.08*0572*32~
DTM*472*20130716~
AMT*B6*126.08~
CLP*2525180012011694*1*126.08*126.08**16*0802201303505~
NM1*QC*1*Lora*Fernando****MI*GNT03342600~
NM1*82*2*Sunnyside Citywide Home Care Services*****XX*1154407492~
DTM*232*20130722~
DTM*233*20130722~
DTM*050*20130801~
AMT*AU*126.08~
SVC*HC:S5125*126.08*126.08*0572*32~
DTM*472*20130722~
AMT*B6*126.08~
CLP*2525180012011694*1*126.08*126.08**16*0802201303506~
NM1*QC*1*Lora*Fernando****MI*GNT03342600~
NM1*82*2*Sunnyside Citywide Home Care Services*****XX*1154407492~
DTM*232*20130723~
DTM*233*20130723~
DTM*050*20130801~
AMT*AU*126.08~
SVC*HC:S5125*126.08*126.08*0572*32~
DTM*472*20130723~
AMT*B6*126.08~
CLP*2525180012011694*1*126.08*126.08**16*0802201303507~
NM1*QC*1*Lora*Fernando****MI*GNT03342600~
NM1*82*2*Sunnyside Citywide Home Care Services*****XX*1154407492~
DTM*232*20130724~
DTM*233*20130724~
DTM*050*20130801~
AMT*AU*126.08~
SVC*HC:S5125*126.08*126.08*0572*32~
DTM*472*20130724~
AMT*B6*126.08~
CLP*2525180012011694*1*126.08*126.08**16*0802201303508~
NM1*QC*1*Lora*Fernando****MI*GNT03342600~
NM1*82*2*Sunnyside Citywide Home Care Services*****XX*1154407492~
DTM*232*20130725~
DTM*233*20130725~
DTM*050*20130801~
AMT*AU*126.08~
SVC*HC:S5125*126.08*126.08*0572*32~
DTM*472*20130725~
AMT*B6*126.08~
CLP*2525180012011694*1*94.56*94.56**16*0802201303509~
NM1*QC*1*Lora*Fernando****MI*GNT03342600~
NM1*82*2*Sunnyside Citywide Home Care Services*****XX*1154407492~
DTM*232*20130726~
DTM*233*20130726~
DTM*050*20130801~
AMT*AU*94.56~
SVC*HC:S5125*94.56*94.56*0572*24~
DTM*472*20130726~
AMT*B6*94.56~
CLP*2525190012012759*1*141.84*141.84**16*0802201303510~
NM1*QC*1*Lorusso*Anna****MI*GNT06851500~
NM1*82*2*Sunnyside Citywide Home Care Services*****XX*1154407492~
DTM*232*20130720~
DTM*233*20130720~
DTM*050*20130801~
AMT*AU*141.84~
SVC*HC:T1019*141.84*141.84*0572*36~
DTM*472*20130720~
AMT*B6*141.84~
CLP*2525190012012759*1*141.84*141.84**16*0802201303511~
NM1*QC*1*Lorusso*Anna****MI*GNT06851500~
NM1*82*2*Sunnyside Citywide Home Care Services*****XX*1154407492~
DTM*232*20130721~
DTM*233*20130721~
DTM*050*20130801~
AMT*AU*141.84~
SVC*HC:T1019*141.84*141.84*0572*36~
DTM*472*20130721~
AMT*B6*141.84~
CLP*2525190012012759*1*141.84*141.84**16*0802201303512~
NM1*QC*1*Lorusso*Anna****MI*GNT06851500~
NM1*82*2*Sunnyside Citywide Home Care Services*****XX*1154407492~
DTM*232*20130722~
DTM*233*20130722~
DTM*050*20130801~
AMT*AU*141.84~
SVC*HC:T1019*141.84*141.84*0572*36~
DTM*472*20130722~
AMT*B6*141.84~
CLP*2525190012012759*1*141.84*141.84**16*0802201303513~
NM1*QC*1*Lorusso*Anna****MI*GNT06851500~
NM1*82*2*Sunnyside Citywide Home Care Services*****XX*1154407492~
DTM*232*20130723~
DTM*233*20130723~
DTM*050*20130801~
AMT*AU*141.84~
SVC*HC:T1019*141.84*141.84*0572*36~
DTM*472*20130723~
AMT*B6*141.84~
CLP*2525190012012759*1*141.84*141.84**16*0802201303514~
NM1*QC*1*Lorusso*Anna****MI*GNT06851500~
NM1*82*2*Sunnyside Citywide Home Care Services*****XX*1154407492~
DTM*232*20130724~
DTM*233*20130724~
DTM*050*20130801~
AMT*AU*141.84~
SVC*HC:T1019*141.84*141.84*0572*36~
DTM*472*20130724~
AMT*B6*141.84~
CLP*2525190012012759*1*141.84*141.84**16*0802201303515~
NM1*QC*1*Lorusso*Anna****MI*GNT06851500~
NM1*82*2*Sunnyside Citywide Home Care Services*****XX*1154407492~
DTM*232*20130725~
DTM*233*20130725~
DTM*050*20130801~
AMT*AU*141.84~
SVC*HC:T1019*141.84*141.84*0572*36~
DTM*472*20130725~
AMT*B6*141.84~
CLP*2525190012012759*1*141.84*141.84**16*0802201303516~
NM1*QC*1*Lorusso*Anna****MI*GNT06851500~
NM1*82*2*Sunnyside Citywide Home Care Services*****XX*1154407492~
DTM*232*20130726~
DTM*233*20130726~
DTM*050*20130801~
AMT*AU*141.84~
SVC*HC:T1019*141.84*141.84*0572*36~
DTM*472*20130726~
AMT*B6*141.84~
CLP*2525200012012062*1*94.56*94.56**16*0802201303517~
NM1*QC*1*Lozada*Ramon****MI*GNT00424300~
NM1*82*2*Sunnyside Citywide Home Care Services*****XX*1154407492~
DTM*232*20130720~
DTM*233*20130720~
DTM*050*20130801~
AMT*AU*94.56~
SVC*HC:T1019*94.56*94.56*0572*24~
DTM*472*20130720~
AMT*B6*94.56~
CLP*2525200012012062*1*94.56*94.56**16*0802201303518~
NM1*QC*1*Lozada*Ramon****MI*GNT00424300~
NM1*82*2*Sunnyside Citywide Home Care Services*****XX*1154407492~
DTM*232*20130722~
DTM*233*20130722~
DTM*050*20130801~
AMT*AU*94.56~
SVC*HC:T1019*94.56*94.56*0572*24~
DTM*472*20130722~
AMT*B6*94.56~
CLP*2525200012012062*1*94.56*94.56**16*0802201303519~
NM1*QC*1*Lozada*Ramon****MI*GNT00424300~
NM1*82*2*Sunnyside Citywide Home Care Services*****XX*1154407492~
DTM*232*20130723~
DTM*233*20130723~
DTM*050*20130801~
AMT*AU*94.56~
SVC*HC:T1019*94.56*94.56*0572*24~
DTM*472*20130723~
AMT*B6*94.56~
CLP*2525200012012062*1*94.56*94.56**16*0802201303520~
NM1*QC*1*Lozada*Ramon****MI*GNT00424300~
NM1*82*2*Sunnyside Citywide Home Care Services*****XX*1154407492~
DTM*232*20130724~
DTM*233*20130724~
DTM*050*20130801~
AMT*AU*94.56~
SVC*HC:T1019*94.56*94.56*0572*24~
DTM*472*20130724~
AMT*B6*94.56~
CLP*2525200012012062*1*94.56*94.56**16*0802201303521~
NM1*QC*1*Lozada*Ramon****MI*GNT00424300~
NM1*82*2*Sunnyside Citywide Home Care Services*****XX*1154407492~
DTM*232*20130725~
DTM*233*20130725~
DTM*050*20130801~
AMT*AU*94.56~
SVC*HC:T1019*94.56*94.56*0572*24~
DTM*472*20130725~
AMT*B6*94.56~
CLP*2525200012012062*1*94.56*94.56**16*0802201303522~
NM1*QC*1*Lozada*Ramon****MI*GNT00424300~
NM1*82*2*Sunnyside Citywide Home Care Services*****XX*1154407492~
DTM*232*20130726~
DTM*233*20130726~
DTM*050*20130801~
AMT*AU*94.56~
SVC*HC:T1019*94.56*94.56*0572*24~
DTM*472*20130726~
AMT*B6*94.56~
CLP*2525220012012018*1*94.56*94.56**16*0802201303528~
NM1*QC*1*Luna*Elda****MI*GNT06614700~
NM1*82*2*Sunnyside Citywide Home Care Services*****XX*1154407492~
DTM*232*20130720~
DTM*233*20130720~
DTM*050*20130801~
AMT*AU*94.56~
SVC*HC:T1019*94.56*94.56*0572*24~
DTM*472*20130720~
AMT*B6*94.56~
CLP*2525220012012018*1*94.56*94.56**16*0802201303529~
NM1*QC*1*Luna*Elda****MI*GNT06614700~
NM1*82*2*Sunnyside Citywide Home Care Services*****XX*1154407492~
DTM*232*20130722~
DTM*233*20130722~
DTM*050*20130801~
AMT*AU*94.56~
SVC*HC:T1019*94.56*94.56*0572*24~
DTM*472*20130722~
AMT*B6*94.56~
CLP*2525220012012018*1*94.56*94.56**16*0802201303530~
NM1*QC*1*Luna*Elda****MI*GNT06614700~
NM1*82*2*Sunnyside Citywide Home Care Services*****XX*1154407492~
DTM*232*20130723~
DTM*233*20130723~
DTM*050*20130801~
AMT*AU*94.56~
SVC*HC:T1019*94.56*94.56*0572*24~
DTM*472*20130723~
AMT*B6*94.56~
CLP*2525220012012018*1*94.56*94.56**16*0802201303531~
NM1*QC*1*Luna*Elda****MI*GNT06614700~
NM1*82*2*Sunnyside Citywide Home Care Services*****XX*1154407492~
DTM*232*20130724~
DTM*233*20130724~
DTM*050*20130801~
AMT*AU*94.56~
SVC*HC:T1019*94.56*94.56*0572*24~
DTM*472*20130724~
AMT*B6*94.56~
CLP*2525220012012018*1*94.56*94.56**16*0802201303532~
NM1*QC*1*Luna*Elda****MI*GNT06614700~
NM1*82*2*Sunnyside Citywide Home Care Services*****XX*1154407492~
DTM*232*20130725~
DTM*233*20130725~
DTM*050*20130801~
AMT*AU*94.56~
SVC*HC:T1019*94.56*94.56*0572*24~
DTM*472*20130725~
AMT*B6*94.56~
CLP*2525220012012018*1*94.56*94.56**16*0802201303533~
NM1*QC*1*Luna*Elda****MI*GNT06614700~
NM1*82*2*Sunnyside Citywide Home Care Services*****XX*1154407492~
DTM*232*20130726~
DTM*233*20130726~
DTM*050*20130801~
AMT*AU*94.56~
SVC*HC:T1019*94.56*94.56*0572*24~
DTM*472*20130726~
AMT*B6*94.56~
CLP*2525230012011772*1*63.04*63.04**16*0802201303534~
NM1*QC*1*Mariani*Maria****MI*GNT03761400~
NM1*82*2*Sunnyside Citywide Home Care Services*****XX*1154407492~
DTM*232*20130715~
DTM*233*20130715~
DTM*050*20130801~
AMT*AU*63.04~
SVC*HC:T1019*63.04*63.04*0572*16~
DTM*472*20130715~
AMT*B6*63.04~
CLP*2525230012011772*1*63.04*63.04**16*0802201303535~
NM1*QC*1*Mariani*Maria****MI*GNT03761400~
NM1*82*2*Sunnyside Citywide Home Care Services*****XX*1154407492~
DTM*232*20130716~
DTM*233*20130716~
DTM*050*20130801~
AMT*AU*63.04~
SVC*HC:T1019*63.04*63.04*0572*16~
DTM*472*20130716~
AMT*B6*63.04~
CLP*2525230012011772*1*63.04*63.04**16*0802201303536~
NM1*QC*1*Mariani*Maria****MI*GNT03761400~
NM1*82*2*Sunnyside Citywide Home Care Services*****XX*1154407492~
DTM*232*20130717~
DTM*233*20130717~
DTM*050*20130801~
AMT*AU*63.04~
SVC*HC:T1019*63.04*63.04*0572*16~
DTM*472*20130717~
AMT*B6*63.04~
CLP*2525230012011772*1*63.04*63.04**16*0802201303537~
NM1*QC*1*Mariani*Maria****MI*GNT03761400~
NM1*82*2*Sunnyside Citywide Home Care Services*****XX*1154407492~
DTM*232*20130718~
DTM*233*20130718~
DTM*050*20130801~
AMT*AU*63.04~
SVC*HC:T1019*63.04*63.04*0572*16~
DTM*472*20130718~
AMT*B6*63.04~
CLP*2525230012011772*1*63.04*63.04**16*0802201303538~
NM1*QC*1*Mariani*Maria****MI*GNT03761400~
NM1*82*2*Sunnyside Citywide Home Care Services*****XX*1154407492~
DTM*232*20130719~
DTM*233*20130719~
DTM*050*20130801~
AMT*AU*63.04~
SVC*HC:T1019*63.04*63.04*0572*16~
DTM*472*20130719~
AMT*B6*63.04~
CLP*2525230012011772*1*63.04*63.04**16*0802201303539~
NM1*QC*1*Mariani*Maria****MI*GNT03761400~
NM1*82*2*Sunnyside Citywide Home Care Services*****XX*1154407492~
DTM*232*20130722~
DTM*233*20130722~
DTM*050*20130801~
AMT*AU*63.04~
SVC*HC:T1019*63.04*63.04*0572*16~
DTM*472*20130722~
AMT*B6*63.04~
CLP*2525230012011772*1*63.04*63.04**16*0802201303540~
NM1*QC*1*Mariani*Maria****MI*GNT03761400~
NM1*82*2*Sunnyside Citywide Home Care Services*****XX*1154407492~
DTM*232*20130723~
DTM*233*20130723~
DTM*050*20130801~
AMT*AU*63.04~
SVC*HC:T1019*63.04*63.04*0572*16~
DTM*472*20130723~
AMT*B6*63.04~
CLP*2525230012011772*1*63.04*63.04**16*0802201303541~
NM1*QC*1*Mariani*Maria****MI*GNT03761400~
NM1*82*2*Sunnyside Citywide Home Care Services*****XX*1154407492~
DTM*232*20130724~
DTM*233*20130724~
DTM*050*20130801~
AMT*AU*63.04~
SVC*HC:T1019*63.04*63.04*0572*16~
DTM*472*20130724~
AMT*B6*63.04~
CLP*2525230012011772*1*63.04*63.04**16*0802201303542~
NM1*QC*1*Mariani*Maria****MI*GNT03761400~
NM1*82*2*Sunnyside Citywide Home Care Services*****XX*1154407492~
DTM*232*20130725~
DTM*233*20130725~
DTM*050*20130801~
AMT*AU*63.04~
SVC*HC:T1019*63.04*63.04*0572*16~
DTM*472*20130725~
AMT*B6*63.04~
CLP*2525230012011772*1*63.04*63.04**16*0802201303543~
NM1*QC*1*Mariani*Maria****MI*GNT03761400~
NM1*82*2*Sunnyside Citywide Home Care Services*****XX*1154407492~
DTM*232*20130726~
DTM*233*20130726~
DTM*050*20130801~
AMT*AU*63.04~
SVC*HC:T1019*63.04*63.04*0572*16~
DTM*472*20130726~
AMT*B6*63.04~
CLP*2525240012011957*1*200*200**16*0802201303544~
NM1*QC*1*Marrero*Phillip****MI*GNT00157200~
NM1*82*2*Sunnyside Citywide Home Care Services*****XX*1154407492~
DTM*232*20130720~
DTM*233*20130720~
DTM*050*20130801~
AMT*AU*200~
SVC*HC:S5126*200*200*0572*1~
DTM*472*20130720~
AMT*B6*200~
CLP*2525240012011957*1*200*200**16*0802201303545~
NM1*QC*1*Marrero*Phillip****MI*GNT00157200~
NM1*82*2*Sunnyside Citywide Home Care Services*****XX*1154407492~
DTM*232*20130721~
DTM*233*20130721~
DTM*050*20130801~
AMT*AU*200~
SVC*HC:S5126*200*200*0572*1~
DTM*472*20130721~
AMT*B6*200~
CLP*2525240012011957*1*200*200**16*0802201303546~
NM1*QC*1*Marrero*Phillip****MI*GNT00157200~
NM1*82*2*Sunnyside Citywide Home Care Services*****XX*1154407492~
DTM*232*20130722~
DTM*233*20130722~
DTM*050*20130801~
AMT*AU*200~
SVC*HC:S5126*200*200*0572*1~
DTM*472*20130722~
AMT*B6*200~
CLP*2525240012011957*1*200*200**16*0802201303547~
NM1*QC*1*Marrero*Phillip****MI*GNT00157200~
NM1*82*2*Sunnyside Citywide Home Care Services*****XX*1154407492~
DTM*232*20130723~
DTM*233*20130723~
DTM*050*20130801~
AMT*AU*200~
SVC*HC:S5126*200*200*0572*1~
DTM*472*20130723~
AMT*B6*200~
CLP*2525240012011957*1*200*200**16*0802201303548~
NM1*QC*1*Marrero*Phillip****MI*GNT00157200~
NM1*82*2*Sunnyside Citywide Home Care Services*****XX*1154407492~
DTM*232*20130724~
DTM*233*20130724~
DTM*050*20130801~
AMT*AU*200~
SVC*HC:S5126*200*200*0572*1~
DTM*472*20130724~
AMT*B6*200~
CLP*2525240012011957*1*200*200**16*0802201303549~
NM1*QC*1*Marrero*Phillip****MI*GNT00157200~
NM1*82*2*Sunnyside Citywide Home Care Services*****XX*1154407492~
DTM*232*20130725~
DTM*233*20130725~
DTM*050*20130801~
AMT*AU*200~
SVC*HC:S5126*200*200*0572*1~
DTM*472*20130725~
AMT*B6*200~
CLP*2525240012011957*1*200*200**16*0802201303550~
NM1*QC*1*Marrero*Phillip****MI*GNT00157200~
NM1*82*2*Sunnyside Citywide Home Care Services*****XX*1154407492~
DTM*232*20130726~
DTM*233*20130726~
DTM*050*20130801~
AMT*AU*200~
SVC*HC:S5126*200*200*0572*1~
DTM*472*20130726~
AMT*B6*200~
CLP*2525250012011663*1*200*200**16*0802201303551~
NM1*QC*1*Martin*Ruth****MI*GNT06371400~
NM1*82*2*Sunnyside Citywide Home Care Services*****XX*1154407492~
DTM*232*20130706~
DTM*233*20130706~
DTM*050*20130801~
AMT*AU*200~
SVC*HC:S5126*200*200*0572*1~
DTM*472*20130706~
AMT*B6*200~
CLP*2525250012011663*1*200*200**16*0802201303552~
NM1*QC*1*Martin*Ruth****MI*GNT06371400~
NM1*82*2*Sunnyside Citywide Home Care Services*****XX*1154407492~
DTM*232*20130720~
DTM*233*20130720~
DTM*050*20130801~
AMT*AU*200~
SVC*HC:S5126*200*200*0572*1~
DTM*472*20130720~
AMT*B6*200~
CLP*2525250012011663*1*200*200**16*0802201303553~
NM1*QC*1*Martin*Ruth****MI*GNT06371400~
NM1*82*2*Sunnyside Citywide Home Care Services*****XX*1154407492~
DTM*232*20130721~
DTM*233*20130721~
DTM*050*20130801~
AMT*AU*200~
SVC*HC:S5126*200*200*0572*1~
DTM*472*20130721~
AMT*B6*200~
CLP*2525250012011663*1*200*200**16*0802201303554~
NM1*QC*1*Martin*Ruth****MI*GNT06371400~
NM1*82*2*Sunnyside Citywide Home Care Services*****XX*1154407492~
DTM*232*20130722~
DTM*233*20130722~
DTM*050*20130801~
AMT*AU*200~
SVC*HC:S5126*200*200*0572*1~
DTM*472*20130722~
AMT*B6*200~
CLP*2525250012011663*1*200*200**16*0802201303555~
NM1*QC*1*Martin*Ruth****MI*GNT06371400~
NM1*82*2*Sunnyside Citywide Home Care Services*****XX*1154407492~
DTM*232*20130723~
DTM*233*20130723~
DTM*050*20130801~
AMT*AU*200~
SVC*HC:S5126*200*200*0572*1~
DTM*472*20130723~
AMT*B6*200~
CLP*2525250012011663*1*200*200**16*0802201303556~
NM1*QC*1*Martin*Ruth****MI*GNT06371400~
NM1*82*2*Sunnyside Citywide Home Care Services*****XX*1154407492~
DTM*232*20130724~
DTM*233*20130724~
DTM*050*20130801~
AMT*AU*200~
SVC*HC:S5126*200*200*0572*1~
DTM*472*20130724~
AMT*B6*200~
CLP*2525250012011663*1*200*200**16*0802201303557~
NM1*QC*1*Martin*Ruth****MI*GNT06371400~
NM1*82*2*Sunnyside Citywide Home Care Services*****XX*1154407492~
DTM*232*20130725~
DTM*233*20130725~
DTM*050*20130801~
AMT*AU*200~
SVC*HC:S5126*200*200*0572*1~
DTM*472*20130725~
AMT*B6*200~
CLP*2525250012011663*1*200*200**16*0802201303558~
NM1*QC*1*Martin*Ruth****MI*GNT06371400~
NM1*82*2*Sunnyside Citywide Home Care Services*****XX*1154407492~
DTM*232*20130726~
DTM*233*20130726~
DTM*050*20130801~
AMT*AU*200~
SVC*HC:S5126*200*200*0572*1~
DTM*472*20130726~
AMT*B6*200~
CLP*2525260012013276*1*78.8*78.8**16*0802201303559~
NM1*QC*1*Martinez*Emma****MI*GNT05091300~
NM1*82*2*Sunnyside Citywide Home Care Services*****XX*1154407492~
DTM*232*20130720~
DTM*233*20130720~
DTM*050*20130801~
AMT*AU*78.8~
SVC*HC:T1019*78.8*78.8*0572*20~
DTM*472*20130720~
AMT*B6*78.8~
CLP*2525260012013276*1*189.12*189.12**16*0802201303560~
NM1*QC*1*Martinez*Emma****MI*GNT05091300~
NM1*82*2*Sunnyside Citywide Home Care Services*****XX*1154407492~
DTM*232*20130722~
DTM*233*20130722~
DTM*050*20130801~
AMT*AU*189.12~
SVC*HC:T1019*189.12*189.12*0572*48~
DTM*472*20130722~
AMT*B6*189.12~
CLP*2525260012013276*1*189.12*189.12**16*0802201303561~
NM1*QC*1*Martinez*Emma****MI*GNT05091300~
NM1*82*2*Sunnyside Citywide Home Care Services*****XX*1154407492~
DTM*232*20130723~
DTM*233*20130723~
DTM*050*20130801~
AMT*AU*189.12~
SVC*HC:T1019*189.12*189.12*0572*48~
DTM*472*20130723~
AMT*B6*189.12~
CLP*2525260012013276*1*189.12*189.12**16*0802201303562~
NM1*QC*1*Martinez*Emma****MI*GNT05091300~
NM1*82*2*Sunnyside Citywide Home Care Services*****XX*1154407492~
DTM*232*20130724~
DTM*233*20130724~
DTM*050*20130801~
AMT*AU*189.12~
SVC*HC:T1019*189.12*189.12*0572*48~
DTM*472*20130724~
AMT*B6*189.12~
CLP*2525260012013276*1*189.12*189.12**16*0802201303563~
NM1*QC*1*Martinez*Emma****MI*GNT05091300~
NM1*82*2*Sunnyside Citywide Home Care Services*****XX*1154407492~
DTM*232*20130725~
DTM*233*20130725~
DTM*050*20130801~
AMT*AU*189.12~
SVC*HC:T1019*189.12*189.12*0572*48~
DTM*472*20130725~
AMT*B6*189.12~
CLP*2525260012013276*1*189.12*189.12**16*0802201303564~
NM1*QC*1*Martinez*Emma****MI*GNT05091300~
NM1*82*2*Sunnyside Citywide Home Care Services*****XX*1154407492~
DTM*232*20130726~
DTM*233*20130726~
DTM*050*20130801~
AMT*AU*189.12~
SVC*HC:T1019*189.12*189.12*0572*48~
DTM*472*20130726~
AMT*B6*189.12~
CLP*2525270012009202*1*78.8*78.8**16*0802201303565~
NM1*QC*1*Martinez*Gloria****MI*GNT00444700~
NM1*82*2*Sunnyside Citywide Home Care Services*****XX*1154407492~
DTM*232*20130722~
DTM*233*20130722~
DTM*050*20130801~
AMT*AU*78.8~
SVC*HC:S5125*78.8*78.8*0572*20~
DTM*472*20130722~
AMT*B6*78.8~
CLP*2525270012009202*1*78.8*78.8**16*0802201303566~
NM1*QC*1*Martinez*Gloria****MI*GNT00444700~
NM1*82*2*Sunnyside Citywide Home Care Services*****XX*1154407492~
DTM*232*20130723~
DTM*233*20130723~
DTM*050*20130801~
AMT*AU*78.8~
SVC*HC:S5125*78.8*78.8*0572*20~
DTM*472*20130723~
AMT*B6*78.8~
CLP*2525270012009202*1*78.8*78.8**16*0802201303567~
NM1*QC*1*Martinez*Gloria****MI*GNT00444700~
NM1*82*2*Sunnyside Citywide Home Care Services*****XX*1154407492~
DTM*232*20130724~
DTM*233*20130724~
DTM*050*20130801~
AMT*AU*78.8~
SVC*HC:S5125*78.8*78.8*0572*20~
DTM*472*20130724~
AMT*B6*78.8~
CLP*2525270012009202*1*78.8*78.8**16*0802201303568~
NM1*QC*1*Martinez*Gloria****MI*GNT00444700~
NM1*82*2*Sunnyside Citywide Home Care Services*****XX*1154407492~
DTM*232*20130725~
DTM*233*20130725~
DTM*050*20130801~
AMT*AU*78.8~
SVC*HC:S5125*78.8*78.8*0572*20~
DTM*472*20130725~
AMT*B6*78.8~
CLP*2525270012009202*1*78.8*78.8**16*0802201303569~
NM1*QC*1*Martinez*Gloria****MI*GNT00444700~
NM1*82*2*Sunnyside Citywide Home Care Services*****XX*1154407492~
DTM*232*20130726~
DTM*233*20130726~
DTM*050*20130801~
AMT*AU*78.8~
SVC*HC:S5125*78.8*78.8*0572*20~
DTM*472*20130726~
AMT*B6*78.8~
CLP*2525280012011036*1*47.28*47.28**16*0802201303570~
NM1*QC*1*Massol*Pedro Antonio****MI*GNT04564600~
NM1*82*2*Sunnyside Citywide Home Care Services*****XX*1154407492~
DTM*232*20130720~
DTM*233*20130720~
DTM*050*20130801~
AMT*AU*47.28~
SVC*HC:S5125*47.28*47.28*0572*12~
DTM*472*20130720~
AMT*B6*47.28~
CLP*2525280012011036*1*78.8*78.8**16*0802201303571~
NM1*QC*1*Massol*Pedro Antonio****MI*GNT04564600~
NM1*82*2*Sunnyside Citywide Home Care Services*****XX*1154407492~
DTM*232*20130722~
DTM*233*20130722~
DTM*050*20130801~
AMT*AU*78.8~
SVC*HC:S5125*78.8*78.8*0572*20~
DTM*472*20130722~
AMT*B6*78.8~
CLP*2525280012011036*1*78.8*78.8**16*0802201303572~
NM1*QC*1*Massol*Pedro Antonio****MI*GNT04564600~
NM1*82*2*Sunnyside Citywide Home Care Services*****XX*1154407492~
DTM*232*20130723~
DTM*233*20130723~
DTM*050*20130801~
AMT*AU*78.8~
SVC*HC:S5125*78.8*78.8*0572*20~
DTM*472*20130723~
AMT*B6*78.8~
CLP*2525280012011036*1*78.8*78.8**16*0802201303573~
NM1*QC*1*Massol*Pedro Antonio****MI*GNT04564600~
NM1*82*2*Sunnyside Citywide Home Care Services*****XX*1154407492~
DTM*232*20130724~
DTM*233*20130724~
DTM*050*20130801~
AMT*AU*78.8~
SVC*HC:S5125*78.8*78.8*0572*20~
DTM*472*20130724~
AMT*B6*78.8~
CLP*2525280012011036*1*78.8*78.8**16*0802201303574~
NM1*QC*1*Massol*Pedro Antonio****MI*GNT04564600~
NM1*82*2*Sunnyside Citywide Home Care Services*****XX*1154407492~
DTM*232*20130725~
DTM*233*20130725~
DTM*050*20130801~
AMT*AU*78.8~
SVC*HC:S5125*78.8*78.8*0572*20~
DTM*472*20130725~
AMT*B6*78.8~
CLP*2525280012011036*1*78.8*78.8**16*0802201303575~
NM1*QC*1*Massol*Pedro Antonio****MI*GNT04564600~
NM1*82*2*Sunnyside Citywide Home Care Services*****XX*1154407492~
DTM*232*20130726~
DTM*233*20130726~
DTM*050*20130801~
AMT*AU*78.8~
SVC*HC:S5125*78.8*78.8*0572*20~
DTM*472*20130726~
AMT*B6*78.8~
CLP*2525300012011350*1*157.6*157.6**16*0802201303582~
NM1*QC*1*Mcquail*Maureen****MI*GNT06367800~
NM1*82*2*Sunnyside Citywide Home Care Services*****XX*1154407492~
DTM*232*20130713~
DTM*233*20130713~
DTM*050*20130801~
AMT*AU*157.6~
SVC*HC:S5125*157.6*157.6*0572*40~
DTM*472*20130713~
AMT*B6*157.6~
CLP*2525300012011350*1*47.28*47.28**16*0802201303583~
NM1*QC*1*Mcquail*Maureen****MI*GNT06367800~
NM1*82*2*Sunnyside Citywide Home Care Services*****XX*1154407492~
DTM*232*20130720~
DTM*233*20130720~
DTM*050*20130801~
AMT*AU*47.28~
SVC*HC:S5125*47.28*47.28*0572*12~
DTM*472*20130720~
AMT*B6*47.28~
CLP*2525300012011350*1*157.6*157.6**16*0802201303584~
NM1*QC*1*Mcquail*Maureen****MI*GNT06367800~
NM1*82*2*Sunnyside Citywide Home Care Services*****XX*1154407492~
DTM*232*20130721~
DTM*233*20130721~
DTM*050*20130801~
AMT*AU*157.6~
SVC*HC:S5125*157.6*157.6*0572*40~
DTM*472*20130721~
AMT*B6*157.6~
CLP*2525300012011350*1*189.12*189.12**16*0802201303585~
NM1*QC*1*Mcquail*Maureen****MI*GNT06367800~
NM1*82*2*Sunnyside Citywide Home Care Services*****XX*1154407492~
DTM*232*20130722~
DTM*233*20130722~
DTM*050*20130801~
AMT*AU*189.12~
SVC*HC:S5125*189.12*189.12*0572*48~
DTM*472*20130722~
AMT*B6*189.12~
CLP*2525300012011350*1*189.12*189.12**16*0802201303586~
NM1*QC*1*Mcquail*Maureen****MI*GNT06367800~
NM1*82*2*Sunnyside Citywide Home Care Services*****XX*1154407492~
DTM*232*20130723~
DTM*233*20130723~
DTM*050*20130801~
AMT*AU*189.12~
SVC*HC:S5125*189.12*189.12*0572*48~
DTM*472*20130723~
AMT*B6*189.12~
CLP*2525300012011350*1*189.12*189.12**16*0802201303587~
NM1*QC*1*Mcquail*Maureen****MI*GNT06367800~
NM1*82*2*Sunnyside Citywide Home Care Services*****XX*1154407492~
DTM*232*20130724~
DTM*233*20130724~
DTM*050*20130801~
AMT*AU*189.12~
SVC*HC:S5125*189.12*189.12*0572*48~
DTM*472*20130724~
AMT*B6*189.12~
CLP*2525300012011350*1*189.12*189.12**16*0802201303588~
NM1*QC*1*Mcquail*Maureen****MI*GNT06367800~
NM1*82*2*Sunnyside Citywide Home Care Services*****XX*1154407492~
DTM*232*20130725~
DTM*233*20130725~
DTM*050*20130801~
AMT*AU*189.12~
SVC*HC:S5125*189.12*189.12*0572*48~
DTM*472*20130725~
AMT*B6*189.12~
CLP*2525300012011350*1*189.12*189.12**16*0802201303589~
NM1*QC*1*Mcquail*Maureen****MI*GNT06367800~
NM1*82*2*Sunnyside Citywide Home Care Services*****XX*1154407492~
DTM*232*20130726~
DTM*233*20130726~
DTM*050*20130801~
AMT*AU*189.12~
SVC*HC:S5125*189.12*189.12*0572*48~
DTM*472*20130726~
AMT*B6*189.12~
CLP*2525310012010425*1*126.08*126.08**16*0802201303590~
NM1*QC*1*Moncrief*Lois****MI*GNT06140100~
NM1*82*2*Sunnyside Citywide Home Care Services*****XX*1154407492~
DTM*232*20130611~
DTM*233*20130611~
DTM*050*20130801~
AMT*AU*126.08~
SVC*HC:S5125*126.08*126.08*0572*32~
DTM*472*20130611~
AMT*B6*126.08~
CLP*2525320012010425*1*126.08*126.08**16*0802201303591~
NM1*QC*1*Moncrief*Lois****MI*GNT06140100~
NM1*82*2*Sunnyside Citywide Home Care Services*****XX*1154407492~
DTM*232*20130703~
DTM*233*20130703~
DTM*050*20130801~
AMT*AU*126.08~
SVC*HC:S5125*126.08*126.08*0572*32~
DTM*472*20130703~
AMT*B6*126.08~
CLP*2525320012010425*1*126.08*126.08**16*0802201303592~
NM1*QC*1*Moncrief*Lois****MI*GNT06140100~
NM1*82*2*Sunnyside Citywide Home Care Services*****XX*1154407492~
DTM*232*20130720~
DTM*233*20130720~
DTM*050*20130801~
AMT*AU*126.08~
SVC*HC:S5125*126.08*126.08*0572*32~
DTM*472*20130720~
AMT*B6*126.08~
CLP*2525320012010425*1*126.08*126.08**16*0802201303593~
NM1*QC*1*Moncrief*Lois****MI*GNT06140100~
NM1*82*2*Sunnyside Citywide Home Care Services*****XX*1154407492~
DTM*232*20130721~
DTM*233*20130721~
DTM*050*20130801~
AMT*AU*126.08~
SVC*HC:S5125*126.08*126.08*0572*32~
DTM*472*20130721~
AMT*B6*126.08~
CLP*2525320012010425*1*126.08*126.08**16*0802201303594~
NM1*QC*1*Moncrief*Lois****MI*GNT06140100~
NM1*82*2*Sunnyside Citywide Home Care Services*****XX*1154407492~
DTM*232*20130722~
DTM*233*20130722~
DTM*050*20130801~
AMT*AU*126.08~
SVC*HC:S5125*126.08*126.08*0572*32~
DTM*472*20130722~
AMT*B6*126.08~
CLP*2525320012010425*1*94.56*94.56**16*0802201303595~
NM1*QC*1*Moncrief*Lois****MI*GNT06140100~
NM1*82*2*Sunnyside Citywide Home Care Services*****XX*1154407492~
DTM*232*20130723~
DTM*233*20130723~
DTM*050*20130801~
AMT*AU*94.56~
SVC*HC:S5125*94.56*94.56*0572*24~
DTM*472*20130723~
AMT*B6*94.56~
CLP*2525320012010425*1*126.08*126.08**16*0802201303596~
NM1*QC*1*Moncrief*Lois****MI*GNT06140100~
NM1*82*2*Sunnyside Citywide Home Care Services*****XX*1154407492~
DTM*232*20130724~
DTM*233*20130724~
DTM*050*20130801~
AMT*AU*126.08~
SVC*HC:S5125*126.08*126.08*0572*32~
DTM*472*20130724~
AMT*B6*126.08~
CLP*2525320012010425*1*126.08*126.08**16*0802201303597~
NM1*QC*1*Moncrief*Lois****MI*GNT06140100~
NM1*82*2*Sunnyside Citywide Home Care Services*****XX*1154407492~
DTM*232*20130725~
DTM*233*20130725~
DTM*050*20130801~
AMT*AU*126.08~
SVC*HC:S5125*126.08*126.08*0572*32~
DTM*472*20130725~
AMT*B6*126.08~
CLP*2525320012010425*1*126.08*126.08**16*0802201303598~
NM1*QC*1*Moncrief*Lois****MI*GNT06140100~
NM1*82*2*Sunnyside Citywide Home Care Services*****XX*1154407492~
DTM*232*20130726~
DTM*233*20130726~
DTM*050*20130801~
AMT*AU*126.08~
SVC*HC:S5125*126.08*126.08*0572*32~
DTM*472*20130726~
AMT*B6*126.08~
CLP*2525330012011877*1*78.8*78.8**16*0802201303599~
NM1*QC*1*Montalvo*Veronica****MI*GNT03799400~
NM1*82*2*Sunnyside Citywide Home Care Services*****XX*1154407492~
DTM*232*20130722~
DTM*233*20130722~
DTM*050*20130801~
AMT*AU*78.8~
SVC*HC:T1019*78.8*78.8*0572*20~
DTM*472*20130722~
AMT*B6*78.8~
CLP*2525330012011877*1*78.8*78.8**16*0802201303601~
NM1*QC*1*Montalvo*Veronica****MI*GNT03799400~
NM1*82*2*Sunnyside Citywide Home Care Services*****XX*1154407492~
DTM*232*20130723~
DTM*233*20130723~
DTM*050*20130801~
AMT*AU*78.8~
SVC*HC:T1019*78.8*78.8*0572*20~
DTM*472*20130723~
AMT*B6*78.8~
CLP*2525330012011877*1*78.8*78.8**16*0802201303602~
NM1*QC*1*Montalvo*Veronica****MI*GNT03799400~
NM1*82*2*Sunnyside Citywide Home Care Services*****XX*1154407492~
DTM*232*20130724~
DTM*233*20130724~
DTM*050*20130801~
AMT*AU*78.8~
SVC*HC:T1019*78.8*78.8*0572*20~
DTM*472*20130724~
AMT*B6*78.8~
CLP*2525330012011877*1*78.8*78.8**16*0802201303603~
NM1*QC*1*Montalvo*Veronica****MI*GNT03799400~
NM1*82*2*Sunnyside Citywide Home Care Services*****XX*1154407492~
DTM*232*20130725~
DTM*233*20130725~
DTM*050*20130801~
AMT*AU*78.8~
SVC*HC:T1019*78.8*78.8*0572*20~
DTM*472*20130725~
AMT*B6*78.8~
CLP*2525330012011877*1*78.8*78.8**16*0802201303604~
NM1*QC*1*Montalvo*Veronica****MI*GNT03799400~
NM1*82*2*Sunnyside Citywide Home Care Services*****XX*1154407492~
DTM*232*20130726~
DTM*233*20130726~
DTM*050*20130801~
AMT*AU*78.8~
SVC*HC:T1019*78.8*78.8*0572*20~
DTM*472*20130726~
AMT*B6*78.8~
CLP*2525340012011844*1*94.56*94.56**16*0802201303605~
NM1*QC*1*Montes*Adolfo****MI*GNT02561100~
NM1*82*2*Sunnyside Citywide Home Care Services*****XX*1154407492~
DTM*232*20130720~
DTM*233*20130720~
DTM*050*20130801~
AMT*AU*94.56~
SVC*HC:S5125*94.56*94.56*0572*24~
DTM*472*20130720~
AMT*B6*94.56~
CLP*2525340012011844*1*94.56*94.56**16*0802201303606~
NM1*QC*1*Montes*Adolfo****MI*GNT02561100~
NM1*82*2*Sunnyside Citywide Home Care Services*****XX*1154407492~
DTM*232*20130721~
DTM*233*20130721~
DTM*050*20130801~
AMT*AU*94.56~
SVC*HC:S5125*94.56*94.56*0572*24~
DTM*472*20130721~
AMT*B6*94.56~
CLP*2525340012011844*1*94.56*94.56**16*0802201303607~
NM1*QC*1*Montes*Adolfo****MI*GNT02561100~
NM1*82*2*Sunnyside Citywide Home Care Services*****XX*1154407492~
DTM*232*20130722~
DTM*233*20130722~
DTM*050*20130801~
AMT*AU*94.56~
SVC*HC:S5125*94.56*94.56*0572*24~
DTM*472*20130722~
AMT*B6*94.56~
CLP*2525340012011844*1*94.56*94.56**16*0802201303608~
NM1*QC*1*Montes*Adolfo****MI*GNT02561100~
NM1*82*2*Sunnyside Citywide Home Care Services*****XX*1154407492~
DTM*232*20130723~
DTM*233*20130723~
DTM*050*20130801~
AMT*AU*94.56~
SVC*HC:S5125*94.56*94.56*0572*24~
DTM*472*20130723~
AMT*B6*94.56~
CLP*2525340012011844*1*94.56*94.56**16*0802201303609~
NM1*QC*1*Montes*Adolfo****MI*GNT02561100~
NM1*82*2*Sunnyside Citywide Home Care Services*****XX*1154407492~
DTM*232*20130724~
DTM*233*20130724~
DTM*050*20130801~
AMT*AU*94.56~
SVC*HC:S5125*94.56*94.56*0572*24~
DTM*472*20130724~
AMT*B6*94.56~
CLP*2525340012011844*1*94.56*94.56**16*0802201303610~
NM1*QC*1*Montes*Adolfo****MI*GNT02561100~
NM1*82*2*Sunnyside Citywide Home Care Services*****XX*1154407492~
DTM*232*20130726~
DTM*233*20130726~
DTM*050*20130801~
AMT*AU*94.56~
SVC*HC:S5125*94.56*94.56*0572*24~
DTM*472*20130726~
AMT*B6*94.56~
CLP*2525350012010407*1*63.04*63.04**16*0802201303611~
NM1*QC*1*Mora*Paula****MI*GNT06124800~
NM1*82*2*Sunnyside Citywide Home Care Services*****XX*1154407492~
DTM*232*20130725~
DTM*233*20130725~
DTM*050*20130801~
AMT*AU*63.04~
SVC*HC:T1019*63.04*63.04*0572*16~
DTM*472*20130725~
AMT*B6*63.04~
CLP*2525360012012071*1*94.56*94.56**16*0802201303612~
NM1*QC*1*Morales*Isidro****MI*GNT04846200~
NM1*82*2*Sunnyside Citywide Home Care Services*****XX*1154407492~
DTM*232*20130720~
DTM*233*20130720~
DTM*050*20130801~
AMT*AU*94.56~
SVC*HC:S5125*94.56*94.56*0572*24~
DTM*472*20130720~
AMT*B6*94.56~
CLP*2525360012012071*1*94.56*94.56**16*0802201303613~
NM1*QC*1*Morales*Isidro****MI*GNT04846200~
NM1*82*2*Sunnyside Citywide Home Care Services*****XX*1154407492~
DTM*232*20130721~
DTM*233*20130721~
DTM*050*20130801~
AMT*AU*94.56~
SVC*HC:S5125*94.56*94.56*0572*24~
DTM*472*20130721~
AMT*B6*94.56~
CLP*2525360012012071*1*94.56*94.56**16*0802201303614~
NM1*QC*1*Morales*Isidro****MI*GNT04846200~
NM1*82*2*Sunnyside Citywide Home Care Services*****XX*1154407492~
DTM*232*20130722~
DTM*233*20130722~
DTM*050*20130801~
AMT*AU*94.56~
SVC*HC:S5125*94.56*94.56*0572*24~
DTM*472*20130722~
AMT*B6*94.56~
CLP*2525360012012071*1*94.56*94.56**16*0802201303615~
NM1*QC*1*Morales*Isidro****MI*GNT04846200~
NM1*82*2*Sunnyside Citywide Home Care Services*****XX*1154407492~
DTM*232*20130723~
DTM*233*20130723~
DTM*050*20130801~
AMT*AU*94.56~
SVC*HC:S5125*94.56*94.56*0572*24~
DTM*472*20130723~
AMT*B6*94.56~
CLP*2525360012012071*1*94.56*94.56**16*0802201303616~
NM1*QC*1*Morales*Isidro****MI*GNT04846200~
NM1*82*2*Sunnyside Citywide Home Care Services*****XX*1154407492~
DTM*232*20130724~
DTM*233*20130724~
DTM*050*20130801~
AMT*AU*94.56~
SVC*HC:S5125*94.56*94.56*0572*24~
DTM*472*20130724~
AMT*B6*94.56~
CLP*2525360012012071*1*94.56*94.56**16*0802201303617~
NM1*QC*1*Morales*Isidro****MI*GNT04846200~
NM1*82*2*Sunnyside Citywide Home Care Services*****XX*1154407492~
DTM*232*20130725~
DTM*233*20130725~
DTM*050*20130801~
AMT*AU*94.56~
SVC*HC:S5125*94.56*94.56*0572*24~
DTM*472*20130725~
AMT*B6*94.56~
CLP*2525360012012071*1*94.56*94.56**16*0802201303618~
NM1*QC*1*Morales*Isidro****MI*GNT04846200~
NM1*82*2*Sunnyside Citywide Home Care Services*****XX*1154407492~
DTM*232*20130726~
DTM*233*20130726~
DTM*050*20130801~
AMT*AU*94.56~
SVC*HC:S5125*94.56*94.56*0572*24~
DTM*472*20130726~
AMT*B6*94.56~
CLP*2525370012011967*1*78.8*78.8**16*0802201303619~
NM1*QC*1*Morales*Margarita****MI*GNT02797600~
NM1*82*2*Sunnyside Citywide Home Care Services*****XX*1154407492~
DTM*232*20130722~
DTM*233*20130722~
DTM*050*20130801~
AMT*AU*78.8~
SVC*HC:T1019*78.8*78.8*0572*20~
DTM*472*20130722~
AMT*B6*78.8~
CLP*2525370012011967*1*78.8*78.8**16*0802201303620~
NM1*QC*1*Morales*Margarita****MI*GNT02797600~
NM1*82*2*Sunnyside Citywide Home Care Services*****XX*1154407492~
DTM*232*20130723~
DTM*233*20130723~
DTM*050*20130801~
AMT*AU*78.8~
SVC*HC:T1019*78.8*78.8*0572*20~
DTM*472*20130723~
AMT*B6*78.8~
CLP*2525370012011967*1*78.8*78.8**16*0802201303621~
NM1*QC*1*Morales*Margarita****MI*GNT02797600~
NM1*82*2*Sunnyside Citywide Home Care Services*****XX*1154407492~
DTM*232*20130724~
DTM*233*20130724~
DTM*050*20130801~
AMT*AU*78.8~
SVC*HC:T1019*78.8*78.8*0572*20~
DTM*472*20130724~
AMT*B6*78.8~
CLP*2525370012011967*1*78.8*78.8**16*0802201303622~
NM1*QC*1*Morales*Margarita****MI*GNT02797600~
NM1*82*2*Sunnyside Citywide Home Care Services*****XX*1154407492~
DTM*232*20130725~
DTM*233*20130725~
DTM*050*20130801~
AMT*AU*78.8~
SVC*HC:T1019*78.8*78.8*0572*20~
DTM*472*20130725~
AMT*B6*78.8~
CLP*2525370012011967*1*78.8*78.8**16*0802201303623~
NM1*QC*1*Morales*Margarita****MI*GNT02797600~
NM1*82*2*Sunnyside Citywide Home Care Services*****XX*1154407492~
DTM*232*20130726~
DTM*233*20130726~
DTM*050*20130801~
AMT*AU*78.8~
SVC*HC:T1019*78.8*78.8*0572*20~
DTM*472*20130726~
AMT*B6*78.8~
CLP*2525380012011860*1*78.8*78.8**16*0802201303624~
NM1*QC*1*Moya*Marina****MI*GNT02982600~
NM1*82*2*Sunnyside Citywide Home Care Services*****XX*1154407492~
DTM*232*20130720~
DTM*233*20130720~
DTM*050*20130801~
AMT*AU*78.8~
SVC*HC:S5125*78.8*78.8*0572*20~
DTM*472*20130720~
AMT*B6*78.8~
CLP*2525380012011860*1*78.8*78.8**16*0802201303625~
NM1*QC*1*Moya*Marina****MI*GNT02982600~
NM1*82*2*Sunnyside Citywide Home Care Services*****XX*1154407492~
DTM*232*20130721~
DTM*233*20130721~
DTM*050*20130801~
AMT*AU*78.8~
SVC*HC:S5125*78.8*78.8*0572*20~
DTM*472*20130721~
AMT*B6*78.8~
CLP*2525380012011860*1*94.56*94.56**16*0802201303626~
NM1*QC*1*Moya*Marina****MI*GNT02982600~
NM1*82*2*Sunnyside Citywide Home Care Services*****XX*1154407492~
DTM*232*20130722~
DTM*233*20130722~
DTM*050*20130801~
AMT*AU*94.56~
SVC*HC:S5125*94.56*94.56*0572*24~
DTM*472*20130722~
AMT*B6*94.56~
CLP*2525380012011860*1*94.56*94.56**16*0802201303627~
NM1*QC*1*Moya*Marina****MI*GNT02982600~
NM1*82*2*Sunnyside Citywide Home Care Services*****XX*1154407492~
DTM*232*20130723~
DTM*233*20130723~
DTM*050*20130801~
AMT*AU*94.56~
SVC*HC:S5125*94.56*94.56*0572*24~
DTM*472*20130723~
AMT*B6*94.56~
CLP*2525380012011860*1*90.62*90.62**16*0802201303628~
NM1*QC*1*Moya*Marina****MI*GNT02982600~
NM1*82*2*Sunnyside Citywide Home Care Services*****XX*1154407492~
DTM*232*20130724~
DTM*233*20130724~
DTM*050*20130801~
AMT*AU*90.62~
SVC*HC:S5125*90.62*90.62*0572*23~
DTM*472*20130724~
AMT*B6*90.62~
CLP*2525380012011860*1*94.56*94.56**16*0802201303629~
NM1*QC*1*Moya*Marina****MI*GNT02982600~
NM1*82*2*Sunnyside Citywide Home Care Services*****XX*1154407492~
DTM*232*20130725~
DTM*233*20130725~
DTM*050*20130801~
AMT*AU*94.56~
SVC*HC:S5125*94.56*94.56*0572*24~
DTM*472*20130725~
AMT*B6*94.56~
CLP*2525380012011860*1*94.56*94.56**16*0802201303630~
NM1*QC*1*Moya*Marina****MI*GNT02982600~
NM1*82*2*Sunnyside Citywide Home Care Services*****XX*1154407492~
DTM*232*20130726~
DTM*233*20130726~
DTM*050*20130801~
AMT*AU*94.56~
SVC*HC:S5125*94.56*94.56*0572*24~
DTM*472*20130726~
AMT*B6*94.56~
CLP*2525390012002162*4*94.56*0**16*0802201303631~
NM1*QC*1*Muscat*Carmen****MI*GNT04082300~
NM1*82*2*Sunnyside Citywide Home Care Services*****XX*1154407492~
DTM*232*20130720~
DTM*233*20130720~
DTM*050*20130801~
AMT*AU*94.56~
SVC*HC:T1019*94.56*0*0572*0~
DTM*472*20130720~
CAS*OA*15*94.56~
AMT*B6*94.56~
CLP*2525390012002162*4*94.56*0**16*0802201303632~
NM1*QC*1*Muscat*Carmen****MI*GNT04082300~
NM1*82*2*Sunnyside Citywide Home Care Services*****XX*1154407492~
DTM*232*20130721~
DTM*233*20130721~
DTM*050*20130801~
AMT*AU*94.56~
SVC*HC:T1019*94.56*0*0572*0~
DTM*472*20130721~
CAS*OA*15*94.56~
AMT*B6*94.56~
CLP*2525390012002162*4*126.08*0**16*0802201303633~
NM1*QC*1*Muscat*Carmen****MI*GNT04082300~
NM1*82*2*Sunnyside Citywide Home Care Services*****XX*1154407492~
DTM*232*20130722~
DTM*233*20130722~
DTM*050*20130801~
AMT*AU*126.08~
SVC*HC:T1019*126.08*0*0572*0~
DTM*472*20130722~
CAS*OA*15*126.08~
AMT*B6*126.08~
CLP*2525390012002162*4*126.08*0**16*0802201303634~
NM1*QC*1*Muscat*Carmen****MI*GNT04082300~
NM1*82*2*Sunnyside Citywide Home Care Services*****XX*1154407492~
DTM*232*20130723~
DTM*233*20130723~
DTM*050*20130801~
AMT*AU*126.08~
SVC*HC:T1019*126.08*0*0572*0~
DTM*472*20130723~
CAS*OA*15*126.08~
AMT*B6*126.08~
CLP*2525390012002162*4*126.08*0**16*0802201303635~
NM1*QC*1*Muscat*Carmen****MI*GNT04082300~
NM1*82*2*Sunnyside Citywide Home Care Services*****XX*1154407492~
DTM*232*20130724~
DTM*233*20130724~
DTM*050*20130801~
AMT*AU*126.08~
SVC*HC:T1019*126.08*0*0572*0~
DTM*472*20130724~
CAS*OA*15*126.08~
AMT*B6*126.08~
CLP*2525390012002162*4*126.08*0**16*0802201303636~
NM1*QC*1*Muscat*Carmen****MI*GNT04082300~
NM1*82*2*Sunnyside Citywide Home Care Services*****XX*1154407492~
DTM*232*20130725~
DTM*233*20130725~
DTM*050*20130801~
AMT*AU*126.08~
SVC*HC:T1019*126.08*0*0572*0~
DTM*472*20130725~
CAS*OA*15*126.08~
AMT*B6*126.08~
CLP*2525390012002162*4*126.08*0**16*0802201303637~
NM1*QC*1*Muscat*Carmen****MI*GNT04082300~
NM1*82*2*Sunnyside Citywide Home Care Services*****XX*1154407492~
DTM*232*20130726~
DTM*233*20130726~
DTM*050*20130801~
AMT*AU*126.08~
SVC*HC:T1019*126.08*0*0572*0~
DTM*472*20130726~
CAS*OA*15*126.08~
AMT*B6*126.08~
CLP*2525400012006117*1*63.04*63.04**16*0802201303638~
NM1*QC*1*Nettles*Donna****MI*GNT04987100~
NM1*82*2*Sunnyside Citywide Home Care Services*****XX*1154407492~
DTM*232*20130715~
DTM*233*20130715~
DTM*050*20130801~
AMT*AU*63.04~
SVC*HC:S5125*63.04*63.04*0572*16~
DTM*472*20130715~
AMT*B6*63.04~
CLP*2525400012006117*1*63.04*63.04**16*0802201303639~
NM1*QC*1*Nettles*Donna****MI*GNT04987100~
NM1*82*2*Sunnyside Citywide Home Care Services*****XX*1154407492~
DTM*232*20130717~
DTM*233*20130717~
DTM*050*20130801~
AMT*AU*63.04~
SVC*HC:S5125*63.04*63.04*0572*16~
DTM*472*20130717~
AMT*B6*63.04~
CLP*2525400012006117*1*63.04*63.04**16*0802201303640~
NM1*QC*1*Nettles*Donna****MI*GNT04987100~
NM1*82*2*Sunnyside Citywide Home Care Services*****XX*1154407492~
DTM*232*20130719~
DTM*233*20130719~
DTM*050*20130801~
AMT*AU*63.04~
SVC*HC:S5125*63.04*63.04*0572*16~
DTM*472*20130719~
AMT*B6*63.04~
CLP*2525410012002531*1*78.8*78.8**16*0802201303641~
NM1*QC*1*Newbold*Ramona****MI*GNT04415000~
NM1*82*2*Sunnyside Citywide Home Care Services*****XX*1154407492~
DTM*232*20130722~
DTM*233*20130722~
DTM*050*20130801~
AMT*AU*78.8~
SVC*HC:S5125*78.8*78.8*0572*20~
DTM*472*20130722~
AMT*B6*78.8~
CLP*2525410012002531*1*78.8*78.8**16*0802201303642~
NM1*QC*1*Newbold*Ramona****MI*GNT04415000~
NM1*82*2*Sunnyside Citywide Home Care Services*****XX*1154407492~
DTM*232*20130723~
DTM*233*20130723~
DTM*050*20130801~
AMT*AU*78.8~
SVC*HC:S5125*78.8*78.8*0572*20~
DTM*472*20130723~
AMT*B6*78.8~
CLP*2525410012002531*1*78.8*78.8**16*0802201303643~
NM1*QC*1*Newbold*Ramona****MI*GNT04415000~
NM1*82*2*Sunnyside Citywide Home Care Services*****XX*1154407492~
DTM*232*20130724~
DTM*233*20130724~
DTM*050*20130801~
AMT*AU*78.8~
SVC*HC:S5125*78.8*78.8*0572*20~
DTM*472*20130724~
AMT*B6*78.8~
CLP*2525410012002531*1*78.8*78.8**16*0802201303644~
NM1*QC*1*Newbold*Ramona****MI*GNT04415000~
NM1*82*2*Sunnyside Citywide Home Care Services*****XX*1154407492~
DTM*232*20130725~
DTM*233*20130725~
DTM*050*20130801~
AMT*AU*78.8~
SVC*HC:S5125*78.8*78.8*0572*20~
DTM*472*20130725~
AMT*B6*78.8~
CLP*2525410012002531*1*78.8*78.8**16*0802201303645~
NM1*QC*1*Newbold*Ramona****MI*GNT04415000~
NM1*82*2*Sunnyside Citywide Home Care Services*****XX*1154407492~
DTM*232*20130726~
DTM*233*20130726~
DTM*050*20130801~
AMT*AU*78.8~
SVC*HC:S5125*78.8*78.8*0572*20~
DTM*472*20130726~
AMT*B6*78.8~
CLP*2525420012004768*1*63.04*63.04**16*0802201303646~
NM1*QC*1*Nunez*Angelina****MI*GNT02920000~
NM1*82*2*Sunnyside Citywide Home Care Services*****XX*1154407492~
DTM*232*20130722~
DTM*233*20130722~
DTM*050*20130801~
AMT*AU*63.04~
SVC*HC:T1019*63.04*63.04*0572*16~
DTM*472*20130722~
AMT*B6*63.04~
CLP*2525420012004768*1*78.8*78.8**16*0802201303647~
NM1*QC*1*Nunez*Angelina****MI*GNT02920000~
NM1*82*2*Sunnyside Citywide Home Care Services*****XX*1154407492~
DTM*232*20130723~
DTM*233*20130723~
DTM*050*20130801~
AMT*AU*78.8~
SVC*HC:T1019*78.8*78.8*0572*20~
DTM*472*20130723~
AMT*B6*78.8~
CLP*2525420012004768*1*63.04*63.04**16*0802201303648~
NM1*QC*1*Nunez*Angelina****MI*GNT02920000~
NM1*82*2*Sunnyside Citywide Home Care Services*****XX*1154407492~
DTM*232*20130724~
DTM*233*20130724~
DTM*050*20130801~
AMT*AU*63.04~
SVC*HC:T1019*63.04*63.04*0572*16~
DTM*472*20130724~
AMT*B6*63.04~
CLP*2525420012004768*1*63.04*63.04**16*0802201303649~
NM1*QC*1*Nunez*Angelina****MI*GNT02920000~
NM1*82*2*Sunnyside Citywide Home Care Services*****XX*1154407492~
DTM*232*20130725~
DTM*233*20130725~
DTM*050*20130801~
AMT*AU*63.04~
SVC*HC:T1019*63.04*63.04*0572*16~
DTM*472*20130725~
AMT*B6*63.04~
CLP*2525420012004768*1*63.04*63.04**16*0802201303650~
NM1*QC*1*Nunez*Angelina****MI*GNT02920000~
NM1*82*2*Sunnyside Citywide Home Care Services*****XX*1154407492~
DTM*232*20130726~
DTM*233*20130726~
DTM*050*20130801~
AMT*AU*63.04~
SVC*HC:T1019*63.04*63.04*0572*16~
DTM*472*20130726~
AMT*B6*63.04~
CLP*2525430012009392*1*94.56*94.56**16*0802201303651~
NM1*QC*1*Nunez*Iris****MI*GNT05481000~
NM1*82*2*Sunnyside Citywide Home Care Services*****XX*1154407492~
DTM*232*20130629~
DTM*233*20130629~
DTM*050*20130801~
AMT*AU*94.56~
SVC*HC:S5125*94.56*94.56*0572*24~
DTM*472*20130629~
AMT*B6*94.56~
CLP*2525430012009392*1*94.56*94.56**16*0802201303652~
NM1*QC*1*Nunez*Iris****MI*GNT05481000~
NM1*82*2*Sunnyside Citywide Home Care Services*****XX*1154407492~
DTM*232*20130722~
DTM*233*20130722~
DTM*050*20130801~
AMT*AU*94.56~
SVC*HC:S5125*94.56*94.56*0572*24~
DTM*472*20130722~
AMT*B6*94.56~
CLP*2525430012009392*1*94.56*94.56**16*0802201303653~
NM1*QC*1*Nunez*Iris****MI*GNT05481000~
NM1*82*2*Sunnyside Citywide Home Care Services*****XX*1154407492~
DTM*232*20130723~
DTM*233*20130723~
DTM*050*20130801~
AMT*AU*94.56~
SVC*HC:S5125*94.56*94.56*0572*24~
DTM*472*20130723~
AMT*B6*94.56~
CLP*2525430012009392*1*94.56*94.56**16*0802201303654~
NM1*QC*1*Nunez*Iris****MI*GNT05481000~
NM1*82*2*Sunnyside Citywide Home Care Services*****XX*1154407492~
DTM*232*20130724~
DTM*233*20130724~
DTM*050*20130801~
AMT*AU*94.56~
SVC*HC:S5125*94.56*94.56*0572*24~
DTM*472*20130724~
AMT*B6*94.56~
CLP*2525430012009392*1*94.56*94.56**16*0802201303655~
NM1*QC*1*Nunez*Iris****MI*GNT05481000~
NM1*82*2*Sunnyside Citywide Home Care Services*****XX*1154407492~
DTM*232*20130725~
DTM*233*20130725~
DTM*050*20130801~
AMT*AU*94.56~
SVC*HC:S5125*94.56*94.56*0572*24~
DTM*472*20130725~
AMT*B6*94.56~
CLP*2525430012009392*1*94.56*94.56**16*0802201303656~
NM1*QC*1*Nunez*Iris****MI*GNT05481000~
NM1*82*2*Sunnyside Citywide Home Care Services*****XX*1154407492~
DTM*232*20130726~
DTM*233*20130726~
DTM*050*20130801~
AMT*AU*94.56~
SVC*HC:S5125*94.56*94.56*0572*24~
DTM*472*20130726~
AMT*B6*94.56~
CLP*2525440012011773*1*63.04*63.04**16*0802201303657~
NM1*QC*1*Nunez*Reyna****MI*GNT02970200~
NM1*82*2*Sunnyside Citywide Home Care Services*****XX*1154407492~
DTM*232*20130722~
DTM*233*20130722~
DTM*050*20130801~
AMT*AU*63.04~
SVC*HC:T1019*63.04*63.04*0572*16~
DTM*472*20130722~
AMT*B6*63.04~
CLP*2525440012011773*1*63.04*63.04**16*0802201303658~
NM1*QC*1*Nunez*Reyna****MI*GNT02970200~
NM1*82*2*Sunnyside Citywide Home Care Services*****XX*1154407492~
DTM*232*20130723~
DTM*233*20130723~
DTM*050*20130801~
AMT*AU*63.04~
SVC*HC:T1019*63.04*63.04*0572*16~
DTM*472*20130723~
AMT*B6*63.04~
CLP*2525440012011773*1*63.04*63.04**16*0802201303659~
NM1*QC*1*Nunez*Reyna****MI*GNT02970200~
NM1*82*2*Sunnyside Citywide Home Care Services*****XX*1154407492~
DTM*232*20130724~
DTM*233*20130724~
DTM*050*20130801~
AMT*AU*63.04~
SVC*HC:T1019*63.04*63.04*0572*16~
DTM*472*20130724~
AMT*B6*63.04~
CLP*2525440012011773*1*63.04*63.04**16*0802201303660~
NM1*QC*1*Nunez*Reyna****MI*GNT02970200~
NM1*82*2*Sunnyside Citywide Home Care Services*****XX*1154407492~
DTM*232*20130725~
DTM*233*20130725~
DTM*050*20130801~
AMT*AU*63.04~
SVC*HC:T1019*63.04*63.04*0572*16~
DTM*472*20130725~
AMT*B6*63.04~
CLP*2525440012011773*1*63.04*63.04**16*0802201303661~
NM1*QC*1*Nunez*Reyna****MI*GNT02970200~
NM1*82*2*Sunnyside Citywide Home Care Services*****XX*1154407492~
DTM*232*20130726~
DTM*233*20130726~
DTM*050*20130801~
AMT*AU*63.04~
SVC*HC:T1019*63.04*63.04*0572*16~
DTM*472*20130726~
AMT*B6*63.04~
CLP*2525450012011875*1*47.28*31.52**16*0802201303662~
NM1*QC*1*Ocasio*Felix****MI*GNT00182000~
NM1*82*2*Sunnyside Citywide Home Care Services*****XX*1154407492~
DTM*232*20130626~
DTM*233*20130626~
DTM*050*20130801~
AMT*AU*47.28~
SVC*HC:T1019*47.28*31.52*0572*8~
DTM*472*20130626~
CAS*OA*62*15.76~
AMT*B6*47.28~
CLP*2525450012011875*1*78.8*78.8**16*0802201303663~
NM1*QC*1*Ocasio*Felix****MI*GNT00182000~
NM1*82*2*Sunnyside Citywide Home Care Services*****XX*1154407492~
DTM*232*20130718~
DTM*233*20130718~
DTM*050*20130801~
AMT*AU*78.8~
SVC*HC:T1019*78.8*78.8*0572*20~
DTM*472*20130718~
AMT*B6*78.8~
CLP*2525450012011875*1*15.76*15.76**16*0802201303664~
NM1*QC*1*Ocasio*Felix****MI*GNT00182000~
NM1*82*2*Sunnyside Citywide Home Care Services*****XX*1154407492~
DTM*232*20130720~
DTM*233*20130720~
DTM*050*20130801~
AMT*AU*15.76~
SVC*HC:T1019*15.76*15.76*0572*4~
DTM*472*20130720~
AMT*B6*15.76~
CLP*2525450012011875*1*157.6*157.6**16*0802201303665~
NM1*QC*1*Ocasio*Felix****MI*GNT00182000~
NM1*82*2*Sunnyside Citywide Home Care Services*****XX*1154407492~
DTM*232*20130721~
DTM*233*20130721~
DTM*050*20130801~
AMT*AU*157.6~
SVC*HC:T1019*157.6*157.6*0572*40~
DTM*472*20130721~
AMT*B6*157.6~
CLP*2525450012011875*1*157.6*157.6**16*0802201303666~
NM1*QC*1*Ocasio*Felix****MI*GNT00182000~
NM1*82*2*Sunnyside Citywide Home Care Services*****XX*1154407492~
DTM*232*20130722~
DTM*233*20130722~
DTM*050*20130801~
AMT*AU*157.6~
SVC*HC:T1019*157.6*157.6*0572*40~
DTM*472*20130722~
AMT*B6*157.6~
CLP*2525450012011875*1*157.6*157.6**16*0802201303667~
NM1*QC*1*Ocasio*Felix****MI*GNT00182000~
NM1*82*2*Sunnyside Citywide Home Care Services*****XX*1154407492~
DTM*232*20130723~
DTM*233*20130723~
DTM*050*20130801~
AMT*AU*157.6~
SVC*HC:T1019*157.6*157.6*0572*40~
DTM*472*20130723~
AMT*B6*157.6~
CLP*2525450012011875*1*47.28*47.28**16*0802201303668~
NM1*QC*1*Ocasio*Felix****MI*GNT00182000~
NM1*82*2*Sunnyside Citywide Home Care Services*****XX*1154407492~
DTM*232*20130724~
DTM*233*20130724~
DTM*050*20130801~
AMT*AU*47.28~
SVC*HC:T1019*47.28*47.28*0572*12~
DTM*472*20130724~
AMT*B6*47.28~
CLP*2525460012011871*1*94.56*94.56**16*0802201303669~
NM1*QC*1*Ojeda*Sara****MI*GNT02646000~
NM1*82*2*Sunnyside Citywide Home Care Services*****XX*1154407492~
DTM*232*20130720~
DTM*233*20130720~
DTM*050*20130801~
AMT*AU*94.56~
SVC*HC:S5125*94.56*94.56*0572*24~
DTM*472*20130720~
AMT*B6*94.56~
CLP*2525460012011871*1*94.56*94.56**16*0802201303670~
NM1*QC*1*Ojeda*Sara****MI*GNT02646000~
NM1*82*2*Sunnyside Citywide Home Care Services*****XX*1154407492~
DTM*232*20130721~
DTM*233*20130721~
DTM*050*20130801~
AMT*AU*94.56~
SVC*HC:S5125*94.56*94.56*0572*24~
DTM*472*20130721~
AMT*B6*94.56~
CLP*2525460012011871*1*157.6*157.6**16*0802201303671~
NM1*QC*1*Ojeda*Sara****MI*GNT02646000~
NM1*82*2*Sunnyside Citywide Home Care Services*****XX*1154407492~
DTM*232*20130722~
DTM*233*20130722~
DTM*050*20130801~
AMT*AU*157.6~
SVC*HC:S5125*157.6*157.6*0572*40~
DTM*472*20130722~
AMT*B6*157.6~
CLP*2525460012011871*1*157.6*157.6**16*0802201303672~
NM1*QC*1*Ojeda*Sara****MI*GNT02646000~
NM1*82*2*Sunnyside Citywide Home Care Services*****XX*1154407492~
DTM*232*20130723~
DTM*233*20130723~
DTM*050*20130801~
AMT*AU*157.6~
SVC*HC:S5125*157.6*157.6*0572*40~
DTM*472*20130723~
AMT*B6*157.6~
CLP*2525460012011871*1*157.6*157.6**16*0802201303673~
NM1*QC*1*Ojeda*Sara****MI*GNT02646000~
NM1*82*2*Sunnyside Citywide Home Care Services*****XX*1154407492~
DTM*232*20130724~
DTM*233*20130724~
DTM*050*20130801~
AMT*AU*157.6~
SVC*HC:S5125*157.6*157.6*0572*40~
DTM*472*20130724~
AMT*B6*157.6~
CLP*2525460012011871*1*157.6*157.6**16*0802201303674~
NM1*QC*1*Ojeda*Sara****MI*GNT02646000~
NM1*82*2*Sunnyside Citywide Home Care Services*****XX*1154407492~
DTM*232*20130725~
DTM*233*20130725~
DTM*050*20130801~
AMT*AU*157.6~
SVC*HC:S5125*157.6*157.6*0572*40~
DTM*472*20130725~
AMT*B6*157.6~
CLP*2525460012011871*1*157.6*157.6**16*0802201303675~
NM1*QC*1*Ojeda*Sara****MI*GNT02646000~
NM1*82*2*Sunnyside Citywide Home Care Services*****XX*1154407492~
DTM*232*20130726~
DTM*233*20130726~
DTM*050*20130801~
AMT*AU*157.6~
SVC*HC:S5125*157.6*157.6*0572*40~
DTM*472*20130726~
AMT*B6*157.6~
CLP*2525470012011863*1*63.04*63.04**16*0802201303676~
NM1*QC*1*Olmo*Gloria****MI*GNT03506500~
NM1*82*2*Sunnyside Citywide Home Care Services*****XX*1154407492~
DTM*232*20130720~
DTM*233*20130720~
DTM*050*20130801~
AMT*AU*63.04~
SVC*HC:S5125*63.04*63.04*0572*16~
DTM*472*20130720~
AMT*B6*63.04~
CLP*2525470012011863*1*63.04*63.04**16*0802201303677~
NM1*QC*1*Olmo*Gloria****MI*GNT03506500~
NM1*82*2*Sunnyside Citywide Home Care Services*****XX*1154407492~
DTM*232*20130721~
DTM*233*20130721~
DTM*050*20130801~
AMT*AU*63.04~
SVC*HC:S5125*63.04*63.04*0572*16~
DTM*472*20130721~
AMT*B6*63.04~
CLP*2525470012011863*1*63.04*63.04**16*0802201303678~
NM1*QC*1*Olmo*Gloria****MI*GNT03506500~
NM1*82*2*Sunnyside Citywide Home Care Services*****XX*1154407492~
DTM*232*20130722~
DTM*233*20130722~
DTM*050*20130801~
AMT*AU*63.04~
SVC*HC:S5125*63.04*63.04*0572*16~
DTM*472*20130722~
AMT*B6*63.04~
CLP*2525470012011863*1*63.04*63.04**16*0802201303679~
NM1*QC*1*Olmo*Gloria****MI*GNT03506500~
NM1*82*2*Sunnyside Citywide Home Care Services*****XX*1154407492~
DTM*232*20130723~
DTM*233*20130723~
DTM*050*20130801~
AMT*AU*63.04~
SVC*HC:S5125*63.04*63.04*0572*16~
DTM*472*20130723~
AMT*B6*63.04~
CLP*2525470012011863*1*63.04*63.04**16*0802201303680~
NM1*QC*1*Olmo*Gloria****MI*GNT03506500~
NM1*82*2*Sunnyside Citywide Home Care Services*****XX*1154407492~
DTM*232*20130724~
DTM*233*20130724~
DTM*050*20130801~
AMT*AU*63.04~
SVC*HC:S5125*63.04*63.04*0572*16~
DTM*472*20130724~
AMT*B6*63.04~
CLP*2525470012011863*1*63.04*63.04**16*0802201303681~
NM1*QC*1*Olmo*Gloria****MI*GNT03506500~
NM1*82*2*Sunnyside Citywide Home Care Services*****XX*1154407492~
DTM*232*20130725~
DTM*233*20130725~
DTM*050*20130801~
AMT*AU*63.04~
SVC*HC:S5125*63.04*63.04*0572*16~
DTM*472*20130725~
AMT*B6*63.04~
CLP*2525470012011863*1*63.04*63.04**16*0802201303682~
NM1*QC*1*Olmo*Gloria****MI*GNT03506500~
NM1*82*2*Sunnyside Citywide Home Care Services*****XX*1154407492~
DTM*232*20130726~
DTM*233*20130726~
DTM*050*20130801~
AMT*AU*63.04~
SVC*HC:S5125*63.04*63.04*0572*16~
DTM*472*20130726~
AMT*B6*63.04~
CLP*2525480012010198*1*78.8*78.8**16*0802201303683~
NM1*QC*1*Orlando*Anne****MI*GNT06098400~
NM1*82*2*Sunnyside Citywide Home Care Services*****XX*1154407492~
DTM*232*20130722~
DTM*233*20130722~
DTM*050*20130801~
AMT*AU*78.8~
SVC*HC:T1019*78.8*78.8*0572*20~
DTM*472*20130722~
AMT*B6*78.8~
CLP*2525480012010198*1*78.8*78.8**16*0802201303684~
NM1*QC*1*Orlando*Anne****MI*GNT06098400~
NM1*82*2*Sunnyside Citywide Home Care Services*****XX*1154407492~
DTM*232*20130723~
DTM*233*20130723~
DTM*050*20130801~
AMT*AU*78.8~
SVC*HC:T1019*78.8*78.8*0572*20~
DTM*472*20130723~
AMT*B6*78.8~
CLP*2525480012010198*1*78.8*78.8**16*0802201303685~
NM1*QC*1*Orlando*Anne****MI*GNT06098400~
NM1*82*2*Sunnyside Citywide Home Care Services*****XX*1154407492~
DTM*232*20130724~
DTM*233*20130724~
DTM*050*20130801~
AMT*AU*78.8~
SVC*HC:T1019*78.8*78.8*0572*20~
DTM*472*20130724~
AMT*B6*78.8~
CLP*2525480012010198*1*78.8*78.8**16*0802201303686~
NM1*QC*1*Orlando*Anne****MI*GNT06098400~
NM1*82*2*Sunnyside Citywide Home Care Services*****XX*1154407492~
DTM*232*20130725~
DTM*233*20130725~
DTM*050*20130801~
AMT*AU*78.8~
SVC*HC:T1019*78.8*78.8*0572*20~
DTM*472*20130725~
AMT*B6*78.8~
CLP*2525480012010198*1*78.8*78.8**16*0802201303687~
NM1*QC*1*Orlando*Anne****MI*GNT06098400~
NM1*82*2*Sunnyside Citywide Home Care Services*****XX*1154407492~
DTM*232*20130726~
DTM*233*20130726~
DTM*050*20130801~
AMT*AU*78.8~
SVC*HC:T1019*78.8*78.8*0572*20~
DTM*472*20130726~
AMT*B6*78.8~
CLP*2525500012013256*4*189.12*0**16*0802201303694~
NM1*QC*1*Ortiz*Laura****MI*GNT03867300~
NM1*82*2*Sunnyside Citywide Home Care Services*****XX*1154407492~
DTM*232*20130720~
DTM*233*20130720~
DTM*050*20130801~
AMT*AU*189.12~
SVC*HC:S5125*189.12*0*0572*0~
DTM*472*20130720~
CAS*OA*31*189.12~
AMT*B6*189.12~
CLP*2525500012013256*4*189.12*0**16*0802201303695~
NM1*QC*1*Ortiz*Laura****MI*GNT03867300~
NM1*82*2*Sunnyside Citywide Home Care Services*****XX*1154407492~
DTM*232*20130721~
DTM*233*20130721~
DTM*050*20130801~
AMT*AU*189.12~
SVC*HC:S5125*189.12*0*0572*0~
DTM*472*20130721~
CAS*OA*31*189.12~
AMT*B6*189.12~
CLP*2525500012013256*4*189.12*0**16*0802201303696~
NM1*QC*1*Ortiz*Laura****MI*GNT03867300~
NM1*82*2*Sunnyside Citywide Home Care Services*****XX*1154407492~
DTM*232*20130722~
DTM*233*20130722~
DTM*050*20130801~
AMT*AU*189.12~
SVC*HC:S5125*189.12*0*0572*0~
DTM*472*20130722~
CAS*OA*31*189.12~
AMT*B6*189.12~
CLP*2525500012013256*4*189.12*0**16*0802201303697~
NM1*QC*1*Ortiz*Laura****MI*GNT03867300~
NM1*82*2*Sunnyside Citywide Home Care Services*****XX*1154407492~
DTM*232*20130723~
DTM*233*20130723~
DTM*050*20130801~
AMT*AU*189.12~
SVC*HC:S5125*189.12*0*0572*0~
DTM*472*20130723~
CAS*OA*31*189.12~
AMT*B6*189.12~
CLP*2525500012013256*4*189.12*0**16*0802201303698~
NM1*QC*1*Ortiz*Laura****MI*GNT03867300~
NM1*82*2*Sunnyside Citywide Home Care Services*****XX*1154407492~
DTM*232*20130724~
DTM*233*20130724~
DTM*050*20130801~
AMT*AU*189.12~
SVC*HC:S5125*189.12*0*0572*0~
DTM*472*20130724~
CAS*OA*31*189.12~
AMT*B6*189.12~
CLP*2525500012013256*4*189.12*0**16*0802201303699~
NM1*QC*1*Ortiz*Laura****MI*GNT03867300~
NM1*82*2*Sunnyside Citywide Home Care Services*****XX*1154407492~
DTM*232*20130725~
DTM*233*20130725~
DTM*050*20130801~
AMT*AU*189.12~
SVC*HC:S5125*189.12*0*0572*0~
DTM*472*20130725~
CAS*OA*31*189.12~
AMT*B6*189.12~
CLP*2525500012013256*4*189.12*0**16*0802201303701~
NM1*QC*1*Ortiz*Laura****MI*GNT03867300~
NM1*82*2*Sunnyside Citywide Home Care Services*****XX*1154407492~
DTM*232*20130726~
DTM*233*20130726~
DTM*050*20130801~
AMT*AU*189.12~
SVC*HC:S5125*189.12*0*0572*0~
DTM*472*20130726~
CAS*OA*31*189.12~
AMT*B6*189.12~
CLP*2525510012011999*1*189.12*189.12**16*0802201303702~
NM1*QC*1*Ortiz*Luisa****MI*GNT04429700~
NM1*82*2*Sunnyside Citywide Home Care Services*****XX*1154407492~
DTM*232*20130720~
DTM*233*20130720~
DTM*050*20130801~
AMT*AU*189.12~
SVC*HC:S5125*189.12*189.12*0572*48~
DTM*472*20130720~
AMT*B6*189.12~
CLP*2525510012011999*1*177.3*177.3**16*0802201303703~
NM1*QC*1*Ortiz*Luisa****MI*GNT04429700~
NM1*82*2*Sunnyside Citywide Home Care Services*****XX*1154407492~
DTM*232*20130721~
DTM*233*20130721~
DTM*050*20130801~
AMT*AU*177.3~
SVC*HC:S5125*177.3*177.3*0572*45~
DTM*472*20130721~
AMT*B6*177.3~
CLP*2525510012011999*1*189.12*189.12**16*0802201303704~
NM1*QC*1*Ortiz*Luisa****MI*GNT04429700~
NM1*82*2*Sunnyside Citywide Home Care Services*****XX*1154407492~
DTM*232*20130722~
DTM*233*20130722~
DTM*050*20130801~
AMT*AU*189.12~
SVC*HC:S5125*189.12*189.12*0572*48~
DTM*472*20130722~
AMT*B6*189.12~
CLP*2525510012011999*1*189.12*189.12**16*0802201303705~
NM1*QC*1*Ortiz*Luisa****MI*GNT04429700~
NM1*82*2*Sunnyside Citywide Home Care Services*****XX*1154407492~
DTM*232*20130724~
DTM*233*20130724~
DTM*050*20130801~
AMT*AU*189.12~
SVC*HC:S5125*189.12*189.12*0572*48~
DTM*472*20130724~
AMT*B6*189.12~
CLP*2525510012011999*1*189.12*189.12**16*0802201303706~
NM1*QC*1*Ortiz*Luisa****MI*GNT04429700~
NM1*82*2*Sunnyside Citywide Home Care Services*****XX*1154407492~
DTM*232*20130726~
DTM*233*20130726~
DTM*050*20130801~
AMT*AU*189.12~
SVC*HC:S5125*189.12*189.12*0572*48~
DTM*472*20130726~
AMT*B6*189.12~
CLP*2525520012011657*1*63.04*63.04**16*0802201303707~
NM1*QC*1*Ortiz*Mercedes****MI*GNT05073800~
NM1*82*2*Sunnyside Citywide Home Care Services*****XX*1154407492~
DTM*232*20130720~
DTM*233*20130720~
DTM*050*20130801~
AMT*AU*63.04~
SVC*HC:S5125*63.04*63.04*0572*16~
DTM*472*20130720~
AMT*B6*63.04~
CLP*2525520012011657*1*63.04*63.04**16*0802201303708~
NM1*QC*1*Ortiz*Mercedes****MI*GNT05073800~
NM1*82*2*Sunnyside Citywide Home Care Services*****XX*1154407492~
DTM*232*20130721~
DTM*233*20130721~
DTM*050*20130801~
AMT*AU*63.04~
SVC*HC:S5125*63.04*63.04*0572*16~
DTM*472*20130721~
AMT*B6*63.04~
CLP*2525520012011657*1*110.32*110.32**16*0802201303709~
NM1*QC*1*Ortiz*Mercedes****MI*GNT05073800~
NM1*82*2*Sunnyside Citywide Home Care Services*****XX*1154407492~
DTM*232*20130722~
DTM*233*20130722~
DTM*050*20130801~
AMT*AU*110.32~
SVC*HC:S5125*110.32*110.32*0572*28~
DTM*472*20130722~
AMT*B6*110.32~
CLP*2525520012011657*1*110.32*110.32**16*0802201303710~
NM1*QC*1*Ortiz*Mercedes****MI*GNT05073800~
NM1*82*2*Sunnyside Citywide Home Care Services*****XX*1154407492~
DTM*232*20130723~
DTM*233*20130723~
DTM*050*20130801~
AMT*AU*110.32~
SVC*HC:S5125*110.32*110.32*0572*28~
DTM*472*20130723~
AMT*B6*110.32~
CLP*2525520012011657*1*110.32*110.32**16*0802201303711~
NM1*QC*1*Ortiz*Mercedes****MI*GNT05073800~
NM1*82*2*Sunnyside Citywide Home Care Services*****XX*1154407492~
DTM*232*20130724~
DTM*233*20130724~
DTM*050*20130801~
AMT*AU*110.32~
SVC*HC:S5125*110.32*110.32*0572*28~
DTM*472*20130724~
AMT*B6*110.32~
CLP*2525520012011657*1*110.32*110.32**16*0802201303712~
NM1*QC*1*Ortiz*Mercedes****MI*GNT05073800~
NM1*82*2*Sunnyside Citywide Home Care Services*****XX*1154407492~
DTM*232*20130725~
DTM*233*20130725~
DTM*050*20130801~
AMT*AU*110.32~
SVC*HC:S5125*110.32*110.32*0572*28~
DTM*472*20130725~
AMT*B6*110.32~
CLP*2525520012011657*1*110.32*110.32**16*0802201303713~
NM1*QC*1*Ortiz*Mercedes****MI*GNT05073800~
NM1*82*2*Sunnyside Citywide Home Care Services*****XX*1154407492~
DTM*232*20130726~
DTM*233*20130726~
DTM*050*20130801~
AMT*AU*110.32~
SVC*HC:S5125*110.32*110.32*0572*28~
DTM*472*20130726~
AMT*B6*110.32~
CLP*2525530012012073*1*157.6*157.6**16*0802201303714~
NM1*QC*1*Pagan*Adriel****MI*GNT00189300~
NM1*82*2*Sunnyside Citywide Home Care Services*****XX*1154407492~
DTM*232*20130720~
DTM*233*20130720~
DTM*050*20130801~
AMT*AU*157.6~
SVC*HC:T1019*157.6*157.6*0572*40~
DTM*472*20130720~
AMT*B6*157.6~
CLP*2525530012012073*1*157.6*157.6**16*0802201303715~
NM1*QC*1*Pagan*Adriel****MI*GNT00189300~
NM1*82*2*Sunnyside Citywide Home Care Services*****XX*1154407492~
DTM*232*20130721~
DTM*233*20130721~
DTM*050*20130801~
AMT*AU*157.6~
SVC*HC:T1019*157.6*157.6*0572*40~
DTM*472*20130721~
AMT*B6*157.6~
CLP*2525530012012073*1*157.6*157.6**16*0802201303716~
NM1*QC*1*Pagan*Adriel****MI*GNT00189300~
NM1*82*2*Sunnyside Citywide Home Care Services*****XX*1154407492~
DTM*232*20130722~
DTM*233*20130722~
DTM*050*20130801~
AMT*AU*157.6~
SVC*HC:T1019*157.6*157.6*0572*40~
DTM*472*20130722~
AMT*B6*157.6~
CLP*2525530012012073*1*157.6*157.6**16*0802201303717~
NM1*QC*1*Pagan*Adriel****MI*GNT00189300~
NM1*82*2*Sunnyside Citywide Home Care Services*****XX*1154407492~
DTM*232*20130723~
DTM*233*20130723~
DTM*050*20130801~
AMT*AU*157.6~
SVC*HC:T1019*157.6*157.6*0572*40~
DTM*472*20130723~
AMT*B6*157.6~
CLP*2525530012012073*1*157.6*157.6**16*0802201303718~
NM1*QC*1*Pagan*Adriel****MI*GNT00189300~
NM1*82*2*Sunnyside Citywide Home Care Services*****XX*1154407492~
DTM*232*20130724~
DTM*233*20130724~
DTM*050*20130801~
AMT*AU*157.6~
SVC*HC:T1019*157.6*157.6*0572*40~
DTM*472*20130724~
AMT*B6*157.6~
CLP*2525530012012073*1*157.6*157.6**16*0802201303719~
NM1*QC*1*Pagan*Adriel****MI*GNT00189300~
NM1*82*2*Sunnyside Citywide Home Care Services*****XX*1154407492~
DTM*232*20130725~
DTM*233*20130725~
DTM*050*20130801~
AMT*AU*157.6~
SVC*HC:T1019*157.6*157.6*0572*40~
DTM*472*20130725~
AMT*B6*157.6~
CLP*2525530012012073*1*157.6*157.6**16*0802201303720~
NM1*QC*1*Pagan*Adriel****MI*GNT00189300~
NM1*82*2*Sunnyside Citywide Home Care Services*****XX*1154407492~
DTM*232*20130726~
DTM*233*20130726~
DTM*050*20130801~
AMT*AU*157.6~
SVC*HC:T1019*157.6*157.6*0572*40~
DTM*472*20130726~
AMT*B6*157.6~
CLP*2525540012013228*1*94.56*94.56**16*0802201303721~
NM1*QC*1*Paglia*Carmela****MI*GNT06942100~
NM1*82*2*Sunnyside Citywide Home Care Services*****XX*1154407492~
DTM*232*20130722~
DTM*233*20130722~
DTM*050*20130801~
AMT*AU*94.56~
SVC*HC:S5125*94.56*94.56*0572*24~
DTM*472*20130722~
AMT*B6*94.56~
CLP*2525540012013228*1*94.56*94.56**16*0802201303722~
NM1*QC*1*Paglia*Carmela****MI*GNT06942100~
NM1*82*2*Sunnyside Citywide Home Care Services*****XX*1154407492~
DTM*232*20130723~
DTM*233*20130723~
DTM*050*20130801~
AMT*AU*94.56~
SVC*HC:S5125*94.56*94.56*0572*24~
DTM*472*20130723~
AMT*B6*94.56~
CLP*2525540012013228*1*94.56*94.56**16*0802201303723~
NM1*QC*1*Paglia*Carmela****MI*GNT06942100~
NM1*82*2*Sunnyside Citywide Home Care Services*****XX*1154407492~
DTM*232*20130724~
DTM*233*20130724~
DTM*050*20130801~
AMT*AU*94.56~
SVC*HC:S5125*94.56*94.56*0572*24~
DTM*472*20130724~
AMT*B6*94.56~
CLP*2525540012013228*1*94.56*94.56**16*0802201303724~
NM1*QC*1*Paglia*Carmela****MI*GNT06942100~
NM1*82*2*Sunnyside Citywide Home Care Services*****XX*1154407492~
DTM*232*20130725~
DTM*233*20130725~
DTM*050*20130801~
AMT*AU*94.56~
SVC*HC:S5125*94.56*94.56*0572*24~
DTM*472*20130725~
AMT*B6*94.56~
CLP*2525540012013228*1*94.56*94.56**16*0802201303725~
NM1*QC*1*Paglia*Carmela****MI*GNT06942100~
NM1*82*2*Sunnyside Citywide Home Care Services*****XX*1154407492~
DTM*232*20130726~
DTM*233*20130726~
DTM*050*20130801~
AMT*AU*94.56~
SVC*HC:S5125*94.56*94.56*0572*24~
DTM*472*20130726~
AMT*B6*94.56~
CLP*2525550012003087*1*126.08*126.08**16*0802201303726~
NM1*QC*1*Paphitis*Richard****MI*GNT03006300~
NM1*82*2*Sunnyside Citywide Home Care Services*****XX*1154407492~
DTM*232*20130722~
DTM*233*20130722~
DTM*050*20130801~
AMT*AU*126.08~
SVC*HC:T1019*126.08*126.08*0572*32~
DTM*472*20130722~
AMT*B6*126.08~
CLP*2525550012003087*1*126.08*126.08**16*0802201303727~
NM1*QC*1*Paphitis*Richard****MI*GNT03006300~
NM1*82*2*Sunnyside Citywide Home Care Services*****XX*1154407492~
DTM*232*20130723~
DTM*233*20130723~
DTM*050*20130801~
AMT*AU*126.08~
SVC*HC:T1019*126.08*126.08*0572*32~
DTM*472*20130723~
AMT*B6*126.08~
CLP*2525550012003087*1*126.08*126.08**16*0802201303728~
NM1*QC*1*Paphitis*Richard****MI*GNT03006300~
NM1*82*2*Sunnyside Citywide Home Care Services*****XX*1154407492~
DTM*232*20130724~
DTM*233*20130724~
DTM*050*20130801~
AMT*AU*126.08~
SVC*HC:T1019*126.08*126.08*0572*32~
DTM*472*20130724~
AMT*B6*126.08~
CLP*2525550012003087*1*126.08*126.08**16*0802201303729~
NM1*QC*1*Paphitis*Richard****MI*GNT03006300~
NM1*82*2*Sunnyside Citywide Home Care Services*****XX*1154407492~
DTM*232*20130725~
DTM*233*20130725~
DTM*050*20130801~
AMT*AU*126.08~
SVC*HC:T1019*126.08*126.08*0572*32~
DTM*472*20130725~
AMT*B6*126.08~
CLP*2525550012003087*1*126.08*126.08**16*0802201303730~
NM1*QC*1*Paphitis*Richard****MI*GNT03006300~
NM1*82*2*Sunnyside Citywide Home Care Services*****XX*1154407492~
DTM*232*20130726~
DTM*233*20130726~
DTM*050*20130801~
AMT*AU*126.08~
SVC*HC:T1019*126.08*126.08*0572*32~
DTM*472*20130726~
AMT*B6*126.08~
CLP*2525560012011913*1*63.04*63.04**16*0802201303731~
NM1*QC*1*Patterson*Rumella****MI*GNT02544200~
NM1*82*2*Sunnyside Citywide Home Care Services*****XX*1154407492~
DTM*232*20130722~
DTM*233*20130722~
DTM*050*20130801~
AMT*AU*63.04~
SVC*HC:S5125*63.04*63.04*0572*16~
DTM*472*20130722~
AMT*B6*63.04~
CLP*2525560012011913*1*63.04*63.04**16*0802201303732~
NM1*QC*1*Patterson*Rumella****MI*GNT02544200~
NM1*82*2*Sunnyside Citywide Home Care Services*****XX*1154407492~
DTM*232*20130723~
DTM*233*20130723~
DTM*050*20130801~
AMT*AU*63.04~
SVC*HC:S5125*63.04*63.04*0572*16~
DTM*472*20130723~
AMT*B6*63.04~
CLP*2525560012011913*1*63.04*63.04**16*0802201303733~
NM1*QC*1*Patterson*Rumella****MI*GNT02544200~
NM1*82*2*Sunnyside Citywide Home Care Services*****XX*1154407492~
DTM*232*20130724~
DTM*233*20130724~
DTM*050*20130801~
AMT*AU*63.04~
SVC*HC:S5125*63.04*63.04*0572*16~
DTM*472*20130724~
AMT*B6*63.04~
CLP*2525560012011913*1*63.04*63.04**16*0802201303734~
NM1*QC*1*Patterson*Rumella****MI*GNT02544200~
NM1*82*2*Sunnyside Citywide Home Care Services*****XX*1154407492~
DTM*232*20130725~
DTM*233*20130725~
DTM*050*20130801~
AMT*AU*63.04~
SVC*HC:S5125*63.04*63.04*0572*16~
DTM*472*20130725~
AMT*B6*63.04~
CLP*2525560012011913*1*63.04*63.04**16*0802201303735~
NM1*QC*1*Patterson*Rumella****MI*GNT02544200~
NM1*82*2*Sunnyside Citywide Home Care Services*****XX*1154407492~
DTM*232*20130726~
DTM*233*20130726~
DTM*050*20130801~
AMT*AU*63.04~
SVC*HC:S5125*63.04*63.04*0572*16~
DTM*472*20130726~
AMT*B6*63.04~
CLP*2525570012012225*1*110.32*110.32**16*0802201303736~
NM1*QC*1*Patterson*Shyrle****MI*GNT00191700~
NM1*82*2*Sunnyside Citywide Home Care Services*****XX*1154407492~
DTM*232*20130720~
DTM*233*20130720~
DTM*050*20130801~
AMT*AU*110.32~
SVC*HC:S5125*110.32*110.32*0572*28~
DTM*472*20130720~
AMT*B6*110.32~
CLP*2525570012012225*1*110.32*110.32**16*0802201303737~
NM1*QC*1*Patterson*Shyrle****MI*GNT00191700~
NM1*82*2*Sunnyside Citywide Home Care Services*****XX*1154407492~
DTM*232*20130721~
DTM*233*20130721~
DTM*050*20130801~
AMT*AU*110.32~
SVC*HC:S5125*110.32*110.32*0572*28~
DTM*472*20130721~
AMT*B6*110.32~
CLP*2525570012012225*1*110.32*110.32**16*0802201303738~
NM1*QC*1*Patterson*Shyrle****MI*GNT00191700~
NM1*82*2*Sunnyside Citywide Home Care Services*****XX*1154407492~
DTM*232*20130722~
DTM*233*20130722~
DTM*050*20130801~
AMT*AU*110.32~
SVC*HC:S5125*110.32*110.32*0572*28~
DTM*472*20130722~
AMT*B6*110.32~
CLP*2525570012012225*1*110.32*110.32**16*0802201303739~
NM1*QC*1*Patterson*Shyrle****MI*GNT00191700~
NM1*82*2*Sunnyside Citywide Home Care Services*****XX*1154407492~
DTM*232*20130723~
DTM*233*20130723~
DTM*050*20130801~
AMT*AU*110.32~
SVC*HC:S5125*110.32*110.32*0572*28~
DTM*472*20130723~
AMT*B6*110.32~
CLP*2525580012009576*1*173.36*173.36**16*0802201303740~
NM1*QC*1*Pazioulis*Kleoniki****MI*GNT04602500~
NM1*82*2*Sunnyside Citywide Home Care Services*****XX*1154407492~
DTM*232*20130720~
DTM*233*20130720~
DTM*050*20130801~
AMT*AU*173.36~
SVC*HC:S5125*173.36*173.36*0572*44~
DTM*472*20130720~
AMT*B6*173.36~
CLP*2525580012009576*1*173.36*173.36**16*0802201303741~
NM1*QC*1*Pazioulis*Kleoniki****MI*GNT04602500~
NM1*82*2*Sunnyside Citywide Home Care Services*****XX*1154407492~
DTM*232*20130721~
DTM*233*20130721~
DTM*050*20130801~
AMT*AU*173.36~
SVC*HC:S5125*173.36*173.36*0572*44~
DTM*472*20130721~
AMT*B6*173.36~
CLP*2525580012009576*1*173.36*173.36**16*0802201303742~
NM1*QC*1*Pazioulis*Kleoniki****MI*GNT04602500~
NM1*82*2*Sunnyside Citywide Home Care Services*****XX*1154407492~
DTM*232*20130722~
DTM*233*20130722~
DTM*050*20130801~
AMT*AU*173.36~
SVC*HC:S5125*173.36*173.36*0572*44~
DTM*472*20130722~
AMT*B6*173.36~
CLP*2525580012009576*1*173.36*173.36**16*0802201303743~
NM1*QC*1*Pazioulis*Kleoniki****MI*GNT04602500~
NM1*82*2*Sunnyside Citywide Home Care Services*****XX*1154407492~
DTM*232*20130723~
DTM*233*20130723~
DTM*050*20130801~
AMT*AU*173.36~
SVC*HC:S5125*173.36*173.36*0572*44~
DTM*472*20130723~
AMT*B6*173.36~
CLP*2525580012009576*1*173.36*173.36**16*0802201303744~
NM1*QC*1*Pazioulis*Kleoniki****MI*GNT04602500~
NM1*82*2*Sunnyside Citywide Home Care Services*****XX*1154407492~
DTM*232*20130724~
DTM*233*20130724~
DTM*050*20130801~
AMT*AU*173.36~
SVC*HC:S5125*173.36*173.36*0572*44~
DTM*472*20130724~
AMT*B6*173.36~
CLP*2525590012000140*1*126.08*126.08**16*0802201303745~
NM1*QC*1*Pena*Waleska****MI*GNT02097600~
NM1*82*2*Sunnyside Citywide Home Care Services*****XX*1154407492~
DTM*232*20130720~
DTM*233*20130720~
DTM*050*20130801~
AMT*AU*126.08~
SVC*HC:T1019*126.08*126.08*0572*32~
DTM*472*20130720~
AMT*B6*126.08~
CLP*2525590012000140*1*126.08*126.08**16*0802201303746~
NM1*QC*1*Pena*Waleska****MI*GNT02097600~
NM1*82*2*Sunnyside Citywide Home Care Services*****XX*1154407492~
DTM*232*20130721~
DTM*233*20130721~
DTM*050*20130801~
AMT*AU*126.08~
SVC*HC:T1019*126.08*126.08*0572*32~
DTM*472*20130721~
AMT*B6*126.08~
CLP*2525590012000140*1*126.08*126.08**16*0802201303747~
NM1*QC*1*Pena*Waleska****MI*GNT02097600~
NM1*82*2*Sunnyside Citywide Home Care Services*****XX*1154407492~
DTM*232*20130722~
DTM*233*20130722~
DTM*050*20130801~
AMT*AU*126.08~
SVC*HC:T1019*126.08*126.08*0572*32~
DTM*472*20130722~
AMT*B6*126.08~
CLP*2525590012000140*1*126.08*126.08**16*0802201303748~
NM1*QC*1*Pena*Waleska****MI*GNT02097600~
NM1*82*2*Sunnyside Citywide Home Care Services*****XX*1154407492~
DTM*232*20130723~
DTM*233*20130723~
DTM*050*20130801~
AMT*AU*126.08~
SVC*HC:T1019*126.08*126.08*0572*32~
DTM*472*20130723~
AMT*B6*126.08~
CLP*2525590012000140*1*126.08*126.08**16*0802201303749~
NM1*QC*1*Pena*Waleska****MI*GNT02097600~
NM1*82*2*Sunnyside Citywide Home Care Services*****XX*1154407492~
DTM*232*20130724~
DTM*233*20130724~
DTM*050*20130801~
AMT*AU*126.08~
SVC*HC:T1019*126.08*126.08*0572*32~
DTM*472*20130724~
AMT*B6*126.08~
CLP*2525590012000140*1*126.08*126.08**16*0802201303750~
NM1*QC*1*Pena*Waleska****MI*GNT02097600~
NM1*82*2*Sunnyside Citywide Home Care Services*****XX*1154407492~
DTM*232*20130725~
DTM*233*20130725~
DTM*050*20130801~
AMT*AU*126.08~
SVC*HC:T1019*126.08*126.08*0572*32~
DTM*472*20130725~
AMT*B6*126.08~
CLP*2525590012000140*1*126.08*126.08**16*0802201303751~
NM1*QC*1*Pena*Waleska****MI*GNT02097600~
NM1*82*2*Sunnyside Citywide Home Care Services*****XX*1154407492~
DTM*232*20130726~
DTM*233*20130726~
DTM*050*20130801~
AMT*AU*126.08~
SVC*HC:T1019*126.08*126.08*0572*32~
DTM*472*20130726~
AMT*B6*126.08~
CLP*2525610012011411*1*141.84*141.84**16*0802201303757~
NM1*QC*1*Pichardo*Maria****MI*GNT02908700~
NM1*82*2*Sunnyside Citywide Home Care Services*****XX*1154407492~
DTM*232*20130720~
DTM*233*20130720~
DTM*050*20130801~
AMT*AU*141.84~
SVC*HC:T1019*141.84*141.84*0572*36~
DTM*472*20130720~
AMT*B6*141.84~
CLP*2525610012011411*1*141.84*141.84**16*0802201303758~
NM1*QC*1*Pichardo*Maria****MI*GNT02908700~
NM1*82*2*Sunnyside Citywide Home Care Services*****XX*1154407492~
DTM*232*20130721~
DTM*233*20130721~
DTM*050*20130801~
AMT*AU*141.84~
SVC*HC:T1019*141.84*141.84*0572*36~
DTM*472*20130721~
AMT*B6*141.84~
CLP*2525610012011411*1*141.84*141.84**16*0802201303759~
NM1*QC*1*Pichardo*Maria****MI*GNT02908700~
NM1*82*2*Sunnyside Citywide Home Care Services*****XX*1154407492~
DTM*232*20130722~
DTM*233*20130722~
DTM*050*20130801~
AMT*AU*141.84~
SVC*HC:T1019*141.84*141.84*0572*36~
DTM*472*20130722~
AMT*B6*141.84~
CLP*2525610012011411*1*141.84*141.84**16*0802201303760~
NM1*QC*1*Pichardo*Maria****MI*GNT02908700~
NM1*82*2*Sunnyside Citywide Home Care Services*****XX*1154407492~
DTM*232*20130723~
DTM*233*20130723~
DTM*050*20130801~
AMT*AU*141.84~
SVC*HC:T1019*141.84*141.84*0572*36~
DTM*472*20130723~
AMT*B6*141.84~
CLP*2525620012010647*1*63.04*63.04**16*0802201303761~
NM1*QC*1*Prado*Nancy****MI*GNT00201400~
NM1*82*2*Sunnyside Citywide Home Care Services*****XX*1154407492~
DTM*232*20130716~
DTM*233*20130716~
DTM*050*20130801~
AMT*AU*63.04~
SVC*HC:T1019*63.04*63.04*0572*16~
DTM*472*20130716~
AMT*B6*63.04~
CLP*2525620012010647*1*63.04*63.04**16*0802201303762~
NM1*QC*1*Prado*Nancy****MI*GNT00201400~
NM1*82*2*Sunnyside Citywide Home Care Services*****XX*1154407492~
DTM*232*20130717~
DTM*233*20130717~
DTM*050*20130801~
AMT*AU*63.04~
SVC*HC:T1019*63.04*63.04*0572*16~
DTM*472*20130717~
AMT*B6*63.04~
CLP*2525620012010647*1*63.04*63.04**16*0802201303763~
NM1*QC*1*Prado*Nancy****MI*GNT00201400~
NM1*82*2*Sunnyside Citywide Home Care Services*****XX*1154407492~
DTM*232*20130718~
DTM*233*20130718~
DTM*050*20130801~
AMT*AU*63.04~
SVC*HC:T1019*63.04*63.04*0572*16~
DTM*472*20130718~
AMT*B6*63.04~
CLP*2525620012010647*1*63.04*63.04**16*0802201303764~
NM1*QC*1*Prado*Nancy****MI*GNT00201400~
NM1*82*2*Sunnyside Citywide Home Care Services*****XX*1154407492~
DTM*232*20130725~
DTM*233*20130725~
DTM*050*20130801~
AMT*AU*63.04~
SVC*HC:T1019*63.04*63.04*0572*16~
DTM*472*20130725~
AMT*B6*63.04~
CLP*2525640012007728*1*83.8*83.8**16*0802201303773~
NM1*QC*1*Proano*Bruno****MI*GNT04361600~
NM1*82*2*Sunnyside Citywide Home Care Services*****XX*1154407492~
DTM*232*20130708~
DTM*233*20130708~
DTM*050*20130801~
AMT*AU*83.8~
SVC*HC:S5125:TT*83.8*83.8*0572*20~
DTM*472*20130708~
AMT*B6*83.8~
CLP*2525640012007728*1*83.8*83.8**16*0802201303774~
NM1*QC*1*Proano*Bruno****MI*GNT04361600~
NM1*82*2*Sunnyside Citywide Home Care Services*****XX*1154407492~
DTM*232*20130720~
DTM*233*20130720~
DTM*050*20130801~
AMT*AU*83.8~
SVC*HC:S5125:TT*83.8*83.8*0572*20~
DTM*472*20130720~
AMT*B6*83.8~
CLP*2525640012007728*1*83.8*83.8**16*0802201303775~
NM1*QC*1*Proano*Bruno****MI*GNT04361600~
NM1*82*2*Sunnyside Citywide Home Care Services*****XX*1154407492~
DTM*232*20130721~
DTM*233*20130721~
DTM*050*20130801~
AMT*AU*83.8~
SVC*HC:S5125:TT*83.8*83.8*0572*20~
DTM*472*20130721~
AMT*B6*83.8~
CLP*2525640012007728*1*83.8*83.8**16*0802201303776~
NM1*QC*1*Proano*Bruno****MI*GNT04361600~
NM1*82*2*Sunnyside Citywide Home Care Services*****XX*1154407492~
DTM*232*20130722~
DTM*233*20130722~
DTM*050*20130801~
AMT*AU*83.8~
SVC*HC:S5125:TT*83.8*83.8*0572*20~
DTM*472*20130722~
AMT*B6*83.8~
CLP*2525640012007728*1*83.8*83.8**16*0802201303777~
NM1*QC*1*Proano*Bruno****MI*GNT04361600~
NM1*82*2*Sunnyside Citywide Home Care Services*****XX*1154407492~
DTM*232*20130723~
DTM*233*20130723~
DTM*050*20130801~
AMT*AU*83.8~
SVC*HC:S5125:TT*83.8*83.8*0572*20~
DTM*472*20130723~
AMT*B6*83.8~
CLP*2525640012007728*1*83.8*83.8**16*0802201303778~
NM1*QC*1*Proano*Bruno****MI*GNT04361600~
NM1*82*2*Sunnyside Citywide Home Care Services*****XX*1154407492~
DTM*232*20130724~
DTM*233*20130724~
DTM*050*20130801~
AMT*AU*83.8~
SVC*HC:S5125:TT*83.8*83.8*0572*20~
DTM*472*20130724~
AMT*B6*83.8~
CLP*2525640012007728*1*83.8*83.8**16*0802201303779~
NM1*QC*1*Proano*Bruno****MI*GNT04361600~
NM1*82*2*Sunnyside Citywide Home Care Services*****XX*1154407492~
DTM*232*20130726~
DTM*233*20130726~
DTM*050*20130801~
AMT*AU*83.8~
SVC*HC:S5125:TT*83.8*83.8*0572*20~
DTM*472*20130726~
AMT*B6*83.8~
CLP*2525650012011774*1*63.04*63.04**16*0802201303780~
NM1*QC*1*Quinones*Eneida****MI*GNT03606700~
NM1*82*2*Sunnyside Citywide Home Care Services*****XX*1154407492~
DTM*232*20130722~
DTM*233*20130722~
DTM*050*20130801~
AMT*AU*63.04~
SVC*HC:T1019*63.04*63.04*0572*16~
DTM*472*20130722~
AMT*B6*63.04~
CLP*2525650012011774*1*63.04*63.04**16*0802201303781~
NM1*QC*1*Quinones*Eneida****MI*GNT03606700~
NM1*82*2*Sunnyside Citywide Home Care Services*****XX*1154407492~
DTM*232*20130723~
DTM*233*20130723~
DTM*050*20130801~
AMT*AU*63.04~
SVC*HC:T1019*63.04*63.04*0572*16~
DTM*472*20130723~
AMT*B6*63.04~
CLP*2525650012011774*1*63.04*63.04**16*0802201303782~
NM1*QC*1*Quinones*Eneida****MI*GNT03606700~
NM1*82*2*Sunnyside Citywide Home Care Services*****XX*1154407492~
DTM*232*20130724~
DTM*233*20130724~
DTM*050*20130801~
AMT*AU*63.04~
SVC*HC:T1019*63.04*63.04*0572*16~
DTM*472*20130724~
AMT*B6*63.04~
CLP*2525650012011774*1*63.04*63.04**16*0802201303783~
NM1*QC*1*Quinones*Eneida****MI*GNT03606700~
NM1*82*2*Sunnyside Citywide Home Care Services*****XX*1154407492~
DTM*232*20130725~
DTM*233*20130725~
DTM*050*20130801~
AMT*AU*63.04~
SVC*HC:T1019*63.04*63.04*0572*16~
DTM*472*20130725~
AMT*B6*63.04~
CLP*2525650012011774*1*63.04*63.04**16*0802201303784~
NM1*QC*1*Quinones*Eneida****MI*GNT03606700~
NM1*82*2*Sunnyside Citywide Home Care Services*****XX*1154407492~
DTM*232*20130726~
DTM*233*20130726~
DTM*050*20130801~
AMT*AU*63.04~
SVC*HC:T1019*63.04*63.04*0572*16~
DTM*472*20130726~
AMT*B6*63.04~
CLP*2525660012011847*1*126.08*126.08**16*0802201303785~
NM1*QC*1*Ramos*Cecilia****MI*GNT00206000~
NM1*82*2*Sunnyside Citywide Home Care Services*****XX*1154407492~
DTM*232*20130720~
DTM*233*20130720~
DTM*050*20130801~
AMT*AU*126.08~
SVC*HC:S5125*126.08*126.08*0572*32~
DTM*472*20130720~
AMT*B6*126.08~
CLP*2525660012011847*1*126.08*126.08**16*0802201303786~
NM1*QC*1*Ramos*Cecilia****MI*GNT00206000~
NM1*82*2*Sunnyside Citywide Home Care Services*****XX*1154407492~
DTM*232*20130721~
DTM*233*20130721~
DTM*050*20130801~
AMT*AU*126.08~
SVC*HC:S5125*126.08*126.08*0572*32~
DTM*472*20130721~
AMT*B6*126.08~
CLP*2525660012011847*1*157.6*157.6**16*0802201303787~
NM1*QC*1*Ramos*Cecilia****MI*GNT00206000~
NM1*82*2*Sunnyside Citywide Home Care Services*****XX*1154407492~
DTM*232*20130722~
DTM*233*20130722~
DTM*050*20130801~
AMT*AU*157.6~
SVC*HC:S5125*157.6*157.6*0572*40~
DTM*472*20130722~
AMT*B6*157.6~
CLP*2525660012011847*1*157.6*157.6**16*0802201303788~
NM1*QC*1*Ramos*Cecilia****MI*GNT00206000~
NM1*82*2*Sunnyside Citywide Home Care Services*****XX*1154407492~
DTM*232*20130723~
DTM*233*20130723~
DTM*050*20130801~
AMT*AU*157.6~
SVC*HC:S5125*157.6*157.6*0572*40~
DTM*472*20130723~
AMT*B6*157.6~
CLP*2525660012011847*1*157.6*157.6**16*0802201303789~
NM1*QC*1*Ramos*Cecilia****MI*GNT00206000~
NM1*82*2*Sunnyside Citywide Home Care Services*****XX*1154407492~
DTM*232*20130724~
DTM*233*20130724~
DTM*050*20130801~
AMT*AU*157.6~
SVC*HC:S5125*157.6*157.6*0572*40~
DTM*472*20130724~
AMT*B6*157.6~
CLP*2525660012011847*1*157.6*157.6**16*0802201303790~
NM1*QC*1*Ramos*Cecilia****MI*GNT00206000~
NM1*82*2*Sunnyside Citywide Home Care Services*****XX*1154407492~
DTM*232*20130725~
DTM*233*20130725~
DTM*050*20130801~
AMT*AU*157.6~
SVC*HC:S5125*157.6*157.6*0572*40~
DTM*472*20130725~
AMT*B6*157.6~
CLP*2525660012011847*1*157.6*157.6**16*0802201303791~
NM1*QC*1*Ramos*Cecilia****MI*GNT00206000~
NM1*82*2*Sunnyside Citywide Home Care Services*****XX*1154407492~
DTM*232*20130726~
DTM*233*20130726~
DTM*050*20130801~
AMT*AU*157.6~
SVC*HC:S5125*157.6*157.6*0572*40~
DTM*472*20130726~
AMT*B6*157.6~
CLP*2525670012010409*1*47.28*47.28**16*0802201303792~
NM1*QC*1*Ramos*Esther****MI*GNT06136400~
NM1*82*2*Sunnyside Citywide Home Care Services*****XX*1154407492~
DTM*232*20130722~
DTM*233*20130722~
DTM*050*20130801~
AMT*AU*47.28~
SVC*HC:T1019*47.28*47.28*0572*12~
DTM*472*20130722~
AMT*B6*47.28~
CLP*2525670012010409*1*63.04*63.04**16*0802201303793~
NM1*QC*1*Ramos*Esther****MI*GNT06136400~
NM1*82*2*Sunnyside Citywide Home Care Services*****XX*1154407492~
DTM*232*20130723~
DTM*233*20130723~
DTM*050*20130801~
AMT*AU*63.04~
SVC*HC:T1019*63.04*63.04*0572*16~
DTM*472*20130723~
AMT*B6*63.04~
CLP*2525670012010409*1*63.04*63.04**16*0802201303794~
NM1*QC*1*Ramos*Esther****MI*GNT06136400~
NM1*82*2*Sunnyside Citywide Home Care Services*****XX*1154407492~
DTM*232*20130724~
DTM*233*20130724~
DTM*050*20130801~
AMT*AU*63.04~
SVC*HC:T1019*63.04*63.04*0572*16~
DTM*472*20130724~
AMT*B6*63.04~
CLP*2525670012010409*1*47.28*47.28**16*0802201303795~
NM1*QC*1*Ramos*Esther****MI*GNT06136400~
NM1*82*2*Sunnyside Citywide Home Care Services*****XX*1154407492~
DTM*232*20130725~
DTM*233*20130725~
DTM*050*20130801~
AMT*AU*47.28~
SVC*HC:T1019*47.28*47.28*0572*12~
DTM*472*20130725~
AMT*B6*47.28~
CLP*2525670012010409*1*47.28*47.28**16*0802201303796~
NM1*QC*1*Ramos*Esther****MI*GNT06136400~
NM1*82*2*Sunnyside Citywide Home Care Services*****XX*1154407492~
DTM*232*20130726~
DTM*233*20130726~
DTM*050*20130801~
AMT*AU*47.28~
SVC*HC:T1019*47.28*47.28*0572*12~
DTM*472*20130726~
AMT*B6*47.28~
CLP*2525680012008453*1*63.04*63.04**16*0802201303797~
NM1*QC*1*Restilla*Vincent****MI*GNT05473100~
NM1*82*2*Sunnyside Citywide Home Care Services*****XX*1154407492~
DTM*232*20130722~
DTM*233*20130722~
DTM*050*20130801~
AMT*AU*63.04~
SVC*HC:S5125*63.04*63.04*0572*16~
DTM*472*20130722~
AMT*B6*63.04~
CLP*2525680012008453*1*63.04*63.04**16*0802201303798~
NM1*QC*1*Restilla*Vincent****MI*GNT05473100~
NM1*82*2*Sunnyside Citywide Home Care Services*****XX*1154407492~
DTM*232*20130723~
DTM*233*20130723~
DTM*050*20130801~
AMT*AU*63.04~
SVC*HC:S5125*63.04*63.04*0572*16~
DTM*472*20130723~
AMT*B6*63.04~
CLP*2525680012008453*1*63.04*63.04**16*0802201303799~
NM1*QC*1*Restilla*Vincent****MI*GNT05473100~
NM1*82*2*Sunnyside Citywide Home Care Services*****XX*1154407492~
DTM*232*20130724~
DTM*233*20130724~
DTM*050*20130801~
AMT*AU*63.04~
SVC*HC:S5125*63.04*63.04*0572*16~
DTM*472*20130724~
AMT*B6*63.04~
CLP*2525680012008453*1*63.04*63.04**16*0802201303801~
NM1*QC*1*Restilla*Vincent****MI*GNT05473100~
NM1*82*2*Sunnyside Citywide Home Care Services*****XX*1154407492~
DTM*232*20130725~
DTM*233*20130725~
DTM*050*20130801~
AMT*AU*63.04~
SVC*HC:S5125*63.04*63.04*0572*16~
DTM*472*20130725~
AMT*B6*63.04~
CLP*2525680012008453*1*63.04*63.04**16*0802201303802~
NM1*QC*1*Restilla*Vincent****MI*GNT05473100~
NM1*82*2*Sunnyside Citywide Home Care Services*****XX*1154407492~
DTM*232*20130726~
DTM*233*20130726~
DTM*050*20130801~
AMT*AU*63.04~
SVC*HC:S5125*63.04*63.04*0572*16~
DTM*472*20130726~
AMT*B6*63.04~
CLP*2525690012012113*1*126.08*126.08**16*0802201303803~
NM1*QC*1*Reyes*Dorila****MI*GNT02461500~
NM1*82*2*Sunnyside Citywide Home Care Services*****XX*1154407492~
DTM*232*20130720~
DTM*233*20130720~
DTM*050*20130801~
AMT*AU*126.08~
SVC*HC:S5125*126.08*126.08*0572*32~
DTM*472*20130720~
AMT*B6*126.08~
CLP*2525690012012113*1*126.08*126.08**16*0802201303804~
NM1*QC*1*Reyes*Dorila****MI*GNT02461500~
NM1*82*2*Sunnyside Citywide Home Care Services*****XX*1154407492~
DTM*232*20130721~
DTM*233*20130721~
DTM*050*20130801~
AMT*AU*126.08~
SVC*HC:S5125*126.08*126.08*0572*32~
DTM*472*20130721~
AMT*B6*126.08~
CLP*2525690012012113*1*126.08*126.08**16*0802201303805~
NM1*QC*1*Reyes*Dorila****MI*GNT02461500~
NM1*82*2*Sunnyside Citywide Home Care Services*****XX*1154407492~
DTM*232*20130722~
DTM*233*20130722~
DTM*050*20130801~
AMT*AU*126.08~
SVC*HC:S5125*126.08*126.08*0572*32~
DTM*472*20130722~
AMT*B6*126.08~
CLP*2525690012012113*1*126.08*126.08**16*0802201303806~
NM1*QC*1*Reyes*Dorila****MI*GNT02461500~
NM1*82*2*Sunnyside Citywide Home Care Services*****XX*1154407492~
DTM*232*20130723~
DTM*233*20130723~
DTM*050*20130801~
AMT*AU*126.08~
SVC*HC:S5125*126.08*126.08*0572*32~
DTM*472*20130723~
AMT*B6*126.08~
CLP*2525690012012113*1*126.08*126.08**16*0802201303807~
NM1*QC*1*Reyes*Dorila****MI*GNT02461500~
NM1*82*2*Sunnyside Citywide Home Care Services*****XX*1154407492~
DTM*232*20130724~
DTM*233*20130724~
DTM*050*20130801~
AMT*AU*126.08~
SVC*HC:S5125*126.08*126.08*0572*32~
DTM*472*20130724~
AMT*B6*126.08~
CLP*2525690012012113*1*126.08*126.08**16*0802201303808~
NM1*QC*1*Reyes*Dorila****MI*GNT02461500~
NM1*82*2*Sunnyside Citywide Home Care Services*****XX*1154407492~
DTM*232*20130725~
DTM*233*20130725~
DTM*050*20130801~
AMT*AU*126.08~
SVC*HC:S5125*126.08*126.08*0572*32~
DTM*472*20130725~
AMT*B6*126.08~
CLP*2525690012012113*1*126.08*126.08**16*0802201303809~
NM1*QC*1*Reyes*Dorila****MI*GNT02461500~
NM1*82*2*Sunnyside Citywide Home Care Services*****XX*1154407492~
DTM*232*20130726~
DTM*233*20130726~
DTM*050*20130801~
AMT*AU*126.08~
SVC*HC:S5125*126.08*126.08*0572*32~
DTM*472*20130726~
AMT*B6*126.08~
CLP*2525700012012710*1*200*200**16*0802201303810~
NM1*QC*1*Reyes*Dunny****MI*GNT06774000~
NM1*82*2*Sunnyside Citywide Home Care Services*****XX*1154407492~
DTM*232*20130720~
DTM*233*20130720~
DTM*050*20130801~
AMT*AU*200~
SVC*HC:T1020*200*200*0572*1~
DTM*472*20130720~
AMT*B6*200~
CLP*2525700012012710*1*200*200**16*0802201303811~
NM1*QC*1*Reyes*Dunny****MI*GNT06774000~
NM1*82*2*Sunnyside Citywide Home Care Services*****XX*1154407492~
DTM*232*20130721~
DTM*233*20130721~
DTM*050*20130801~
AMT*AU*200~
SVC*HC:T1020*200*200*0572*1~
DTM*472*20130721~
AMT*B6*200~
CLP*2525700012012710*1*200*200**16*0802201303812~
NM1*QC*1*Reyes*Dunny****MI*GNT06774000~
NM1*82*2*Sunnyside Citywide Home Care Services*****XX*1154407492~
DTM*232*20130722~
DTM*233*20130722~
DTM*050*20130801~
AMT*AU*200~
SVC*HC:T1020*200*200*0572*1~
DTM*472*20130722~
AMT*B6*200~
CLP*2525700012012710*1*200*200**16*0802201303813~
NM1*QC*1*Reyes*Dunny****MI*GNT06774000~
NM1*82*2*Sunnyside Citywide Home Care Services*****XX*1154407492~
DTM*232*20130723~
DTM*233*20130723~
DTM*050*20130801~
AMT*AU*200~
SVC*HC:T1020*200*200*0572*1~
DTM*472*20130723~
AMT*B6*200~
CLP*2525700012012710*1*200*200**16*0802201303814~
NM1*QC*1*Reyes*Dunny****MI*GNT06774000~
NM1*82*2*Sunnyside Citywide Home Care Services*****XX*1154407492~
DTM*232*20130724~
DTM*233*20130724~
DTM*050*20130801~
AMT*AU*200~
SVC*HC:T1020*200*200*0572*1~
DTM*472*20130724~
AMT*B6*200~
CLP*2525700012012710*1*200*200**16*0802201303815~
NM1*QC*1*Reyes*Dunny****MI*GNT06774000~
NM1*82*2*Sunnyside Citywide Home Care Services*****XX*1154407492~
DTM*232*20130725~
DTM*233*20130725~
DTM*050*20130801~
AMT*AU*200~
SVC*HC:T1020*200*200*0572*1~
DTM*472*20130725~
AMT*B6*200~
CLP*2525700012012710*1*200*200**16*0802201303816~
NM1*QC*1*Reyes*Dunny****MI*GNT06774000~
NM1*82*2*Sunnyside Citywide Home Care Services*****XX*1154407492~
DTM*232*20130726~
DTM*233*20130726~
DTM*050*20130801~
AMT*AU*200~
SVC*HC:T1020*200*200*0572*1~
DTM*472*20130726~
AMT*B6*200~
CLP*2525710012012001*1*100.56*100.56**16*0802201303817~
NM1*QC*1*Reyes*Milagros****MI*GNT00210100~
NM1*82*2*Sunnyside Citywide Home Care Services*****XX*1154407492~
DTM*232*20130720~
DTM*233*20130720~
DTM*050*20130801~
AMT*AU*100.56~
SVC*HC:T1019:TT*100.56*100.56*0572*24~
DTM*472*20130720~
AMT*B6*100.56~
CLP*2525710012012001*1*100.56*100.56**16*0802201303818~
NM1*QC*1*Reyes*Milagros****MI*GNT00210100~
NM1*82*2*Sunnyside Citywide Home Care Services*****XX*1154407492~
DTM*232*20130721~
DTM*233*20130721~
DTM*050*20130801~
AMT*AU*100.56~
SVC*HC:T1019:TT*100.56*100.56*0572*24~
DTM*472*20130721~
AMT*B6*100.56~
CLP*2525710012012001*1*100.56*100.56**16*0802201303819~
NM1*QC*1*Reyes*Milagros****MI*GNT00210100~
NM1*82*2*Sunnyside Citywide Home Care Services*****XX*1154407492~
DTM*232*20130722~
DTM*233*20130722~
DTM*050*20130801~
AMT*AU*100.56~
SVC*HC:T1019:TT*100.56*100.56*0572*24~
DTM*472*20130722~
AMT*B6*100.56~
CLP*2525710012012001*1*100.56*100.56**16*0802201303820~
NM1*QC*1*Reyes*Milagros****MI*GNT00210100~
NM1*82*2*Sunnyside Citywide Home Care Services*****XX*1154407492~
DTM*232*20130723~
DTM*233*20130723~
DTM*050*20130801~
AMT*AU*100.56~
SVC*HC:T1019:TT*100.56*100.56*0572*24~
DTM*472*20130723~
AMT*B6*100.56~
CLP*2525710012012001*1*100.56*100.56**16*0802201303821~
NM1*QC*1*Reyes*Milagros****MI*GNT00210100~
NM1*82*2*Sunnyside Citywide Home Care Services*****XX*1154407492~
DTM*232*20130724~
DTM*233*20130724~
DTM*050*20130801~
AMT*AU*100.56~
SVC*HC:T1019:TT*100.56*100.56*0572*24~
DTM*472*20130724~
AMT*B6*100.56~
CLP*2525710012012001*1*100.56*100.56**16*0802201303822~
NM1*QC*1*Reyes*Milagros****MI*GNT00210100~
NM1*82*2*Sunnyside Citywide Home Care Services*****XX*1154407492~
DTM*232*20130725~
DTM*233*20130725~
DTM*050*20130801~
AMT*AU*100.56~
SVC*HC:T1019:TT*100.56*100.56*0572*24~
DTM*472*20130725~
AMT*B6*100.56~
CLP*2525710012012001*1*100.56*100.56**16*0802201303823~
NM1*QC*1*Reyes*Milagros****MI*GNT00210100~
NM1*82*2*Sunnyside Citywide Home Care Services*****XX*1154407492~
DTM*232*20130726~
DTM*233*20130726~
DTM*050*20130801~
AMT*AU*100.56~
SVC*HC:T1019:TT*100.56*100.56*0572*24~
DTM*472*20130726~
AMT*B6*100.56~
CLP*2525720012012756*4*110.32*0**16*0802201303824~
NM1*QC*1*Ricks*Walter****MI*GNT03856800~
NM1*82*2*Sunnyside Citywide Home Care Services*****XX*1154407492~
DTM*232*20130722~
DTM*233*20130722~
DTM*050*20130801~
AMT*AU*110.32~
SVC*HC:S5125*110.32*0*0572*0~
DTM*472*20130722~
CAS*OA*15*110.32~
AMT*B6*110.32~
CLP*2525720012012756*4*110.32*0**16*0802201303825~
NM1*QC*1*Ricks*Walter****MI*GNT03856800~
NM1*82*2*Sunnyside Citywide Home Care Services*****XX*1154407492~
DTM*232*20130723~
DTM*233*20130723~
DTM*050*20130801~
AMT*AU*110.32~
SVC*HC:S5125*110.32*0*0572*0~
DTM*472*20130723~
CAS*OA*15*110.32~
AMT*B6*110.32~
CLP*2525720012012756*4*110.32*0**16*0802201303826~
NM1*QC*1*Ricks*Walter****MI*GNT03856800~
NM1*82*2*Sunnyside Citywide Home Care Services*****XX*1154407492~
DTM*232*20130724~
DTM*233*20130724~
DTM*050*20130801~
AMT*AU*110.32~
SVC*HC:S5125*110.32*0*0572*0~
DTM*472*20130724~
CAS*OA*15*110.32~
AMT*B6*110.32~
CLP*2525720012012756*4*110.32*0**16*0802201303827~
NM1*QC*1*Ricks*Walter****MI*GNT03856800~
NM1*82*2*Sunnyside Citywide Home Care Services*****XX*1154407492~
DTM*232*20130725~
DTM*233*20130725~
DTM*050*20130801~
AMT*AU*110.32~
SVC*HC:S5125*110.32*0*0572*0~
DTM*472*20130725~
CAS*OA*15*110.32~
AMT*B6*110.32~
CLP*2525720012012756*4*110.32*0**16*0802201303828~
NM1*QC*1*Ricks*Walter****MI*GNT03856800~
NM1*82*2*Sunnyside Citywide Home Care Services*****XX*1154407492~
DTM*232*20130726~
DTM*233*20130726~
DTM*050*20130801~
AMT*AU*110.32~
SVC*HC:S5125*110.32*0*0572*0~
DTM*472*20130726~
CAS*OA*15*110.32~
AMT*B6*110.32~
CLP*2525730011997785*1*94.56*94.56**16*0802201303829~
NM1*QC*1*Rivas*Gertrudis****MI*GNT00533400~
NM1*82*2*Sunnyside Citywide Home Care Services*****XX*1154407492~
DTM*232*20130722~
DTM*233*20130722~
DTM*050*20130801~
AMT*AU*94.56~
SVC*HC:S5125*94.56*94.56*0572*24~
DTM*472*20130722~
AMT*B6*94.56~
CLP*2525730011997785*1*94.56*94.56**16*0802201303830~
NM1*QC*1*Rivas*Gertrudis****MI*GNT00533400~
NM1*82*2*Sunnyside Citywide Home Care Services*****XX*1154407492~
DTM*232*20130723~
DTM*233*20130723~
DTM*050*20130801~
AMT*AU*94.56~
SVC*HC:S5125*94.56*94.56*0572*24~
DTM*472*20130723~
AMT*B6*94.56~
CLP*2525730011997785*1*94.56*94.56**16*0802201303831~
NM1*QC*1*Rivas*Gertrudis****MI*GNT00533400~
NM1*82*2*Sunnyside Citywide Home Care Services*****XX*1154407492~
DTM*232*20130724~
DTM*233*20130724~
DTM*050*20130801~
AMT*AU*94.56~
SVC*HC:S5125*94.56*94.56*0572*24~
DTM*472*20130724~
AMT*B6*94.56~
CLP*2525730011997785*1*94.56*94.56**16*0802201303832~
NM1*QC*1*Rivas*Gertrudis****MI*GNT00533400~
NM1*82*2*Sunnyside Citywide Home Care Services*****XX*1154407492~
DTM*232*20130725~
DTM*233*20130725~
DTM*050*20130801~
AMT*AU*94.56~
SVC*HC:S5125*94.56*94.56*0572*24~
DTM*472*20130725~
AMT*B6*94.56~
CLP*2525730011997785*1*94.56*94.56**16*0802201303833~
NM1*QC*1*Rivas*Gertrudis****MI*GNT00533400~
NM1*82*2*Sunnyside Citywide Home Care Services*****XX*1154407492~
DTM*232*20130726~
DTM*233*20130726~
DTM*050*20130801~
AMT*AU*94.56~
SVC*HC:S5125*94.56*94.56*0572*24~
DTM*472*20130726~
AMT*B6*94.56~
CLP*2525740012011659*1*110.32*110.32**16*0802201303834~
NM1*QC*1*Rivera*Gloria****MI*GNT02887600~
NM1*82*2*Sunnyside Citywide Home Care Services*****XX*1154407492~
DTM*232*20130720~
DTM*233*20130720~
DTM*050*20130801~
AMT*AU*110.32~
SVC*HC:S5125*110.32*110.32*0572*28~
DTM*472*20130720~
AMT*B6*110.32~
CLP*2525740012011659*1*110.32*110.32**16*0802201303835~
NM1*QC*1*Rivera*Gloria****MI*GNT02887600~
NM1*82*2*Sunnyside Citywide Home Care Services*****XX*1154407492~
DTM*232*20130721~
DTM*233*20130721~
DTM*050*20130801~
AMT*AU*110.32~
SVC*HC:S5125*110.32*110.32*0572*28~
DTM*472*20130721~
AMT*B6*110.32~
CLP*2525740012011659*1*110.32*110.32**16*0802201303836~
NM1*QC*1*Rivera*Gloria****MI*GNT02887600~
NM1*82*2*Sunnyside Citywide Home Care Services*****XX*1154407492~
DTM*232*20130722~
DTM*233*20130722~
DTM*050*20130801~
AMT*AU*110.32~
SVC*HC:S5125*110.32*110.32*0572*28~
DTM*472*20130722~
AMT*B6*110.32~
CLP*2525740012011659*1*110.32*110.32**16*0802201303837~
NM1*QC*1*Rivera*Gloria****MI*GNT02887600~
NM1*82*2*Sunnyside Citywide Home Care Services*****XX*1154407492~
DTM*232*20130723~
DTM*233*20130723~
DTM*050*20130801~
AMT*AU*110.32~
SVC*HC:S5125*110.32*110.32*0572*28~
DTM*472*20130723~
AMT*B6*110.32~
CLP*2525740012011659*1*110.32*110.32**16*0802201303838~
NM1*QC*1*Rivera*Gloria****MI*GNT02887600~
NM1*82*2*Sunnyside Citywide Home Care Services*****XX*1154407492~
DTM*232*20130724~
DTM*233*20130724~
DTM*050*20130801~
AMT*AU*110.32~
SVC*HC:S5125*110.32*110.32*0572*28~
DTM*472*20130724~
AMT*B6*110.32~
CLP*2525740012011659*1*110.32*110.32**16*0802201303839~
NM1*QC*1*Rivera*Gloria****MI*GNT02887600~
NM1*82*2*Sunnyside Citywide Home Care Services*****XX*1154407492~
DTM*232*20130725~
DTM*233*20130725~
DTM*050*20130801~
AMT*AU*110.32~
SVC*HC:S5125*110.32*110.32*0572*28~
DTM*472*20130725~
AMT*B6*110.32~
CLP*2525740012011659*1*110.32*110.32**16*0802201303840~
NM1*QC*1*Rivera*Gloria****MI*GNT02887600~
NM1*82*2*Sunnyside Citywide Home Care Services*****XX*1154407492~
DTM*232*20130726~
DTM*233*20130726~
DTM*050*20130801~
AMT*AU*110.32~
SVC*HC:S5125*110.32*110.32*0572*28~
DTM*472*20130726~
AMT*B6*110.32~
CLP*2525750012011988*1*110.32*110.32**16*0802201303841~
NM1*QC*1*Rivera*Lidia****MI*GNT02751500~
NM1*82*2*Sunnyside Citywide Home Care Services*****XX*1154407492~
DTM*232*20130722~
DTM*233*20130722~
DTM*050*20130801~
AMT*AU*110.32~
SVC*HC:S5125*110.32*110.32*0572*28~
DTM*472*20130722~
AMT*B6*110.32~
CLP*2525750012011988*1*110.32*110.32**16*0802201303842~
NM1*QC*1*Rivera*Lidia****MI*GNT02751500~
NM1*82*2*Sunnyside Citywide Home Care Services*****XX*1154407492~
DTM*232*20130723~
DTM*233*20130723~
DTM*050*20130801~
AMT*AU*110.32~
SVC*HC:S5125*110.32*110.32*0572*28~
DTM*472*20130723~
AMT*B6*110.32~
CLP*2525750012011988*1*110.32*110.32**16*0802201303843~
NM1*QC*1*Rivera*Lidia****MI*GNT02751500~
NM1*82*2*Sunnyside Citywide Home Care Services*****XX*1154407492~
DTM*232*20130724~
DTM*233*20130724~
DTM*050*20130801~
AMT*AU*110.32~
SVC*HC:S5125*110.32*110.32*0572*28~
DTM*472*20130724~
AMT*B6*110.32~
CLP*2525750012011988*1*110.32*110.32**16*0802201303844~
NM1*QC*1*Rivera*Lidia****MI*GNT02751500~
NM1*82*2*Sunnyside Citywide Home Care Services*****XX*1154407492~
DTM*232*20130725~
DTM*233*20130725~
DTM*050*20130801~
AMT*AU*110.32~
SVC*HC:S5125*110.32*110.32*0572*28~
DTM*472*20130725~
AMT*B6*110.32~
CLP*2525750012011988*1*110.32*110.32**16*0802201303845~
NM1*QC*1*Rivera*Lidia****MI*GNT02751500~
NM1*82*2*Sunnyside Citywide Home Care Services*****XX*1154407492~
DTM*232*20130726~
DTM*233*20130726~
DTM*050*20130801~
AMT*AU*110.32~
SVC*HC:S5125*110.32*110.32*0572*28~
DTM*472*20130726~
AMT*B6*110.32~
CLP*2525760012010412*1*63.04*63.04**16*0802201303846~
NM1*QC*1*Rodriguez*Fabiola****MI*GNT06115800~
NM1*82*2*Sunnyside Citywide Home Care Services*****XX*1154407492~
DTM*232*20130720~
DTM*233*20130720~
DTM*050*20130801~
AMT*AU*63.04~
SVC*HC:S5125*63.04*63.04*0572*16~
DTM*472*20130720~
AMT*B6*63.04~
CLP*2525760012010412*1*63.04*63.04**16*0802201303847~
NM1*QC*1*Rodriguez*Fabiola****MI*GNT06115800~
NM1*82*2*Sunnyside Citywide Home Care Services*****XX*1154407492~
DTM*232*20130722~
DTM*233*20130722~
DTM*050*20130801~
AMT*AU*63.04~
SVC*HC:S5125*63.04*63.04*0572*16~
DTM*472*20130722~
AMT*B6*63.04~
CLP*2525760012010412*1*63.04*63.04**16*0802201303848~
NM1*QC*1*Rodriguez*Fabiola****MI*GNT06115800~
NM1*82*2*Sunnyside Citywide Home Care Services*****XX*1154407492~
DTM*232*20130724~
DTM*233*20130724~
DTM*050*20130801~
AMT*AU*63.04~
SVC*HC:S5125*63.04*63.04*0572*16~
DTM*472*20130724~
AMT*B6*63.04~
CLP*2525760012010412*1*63.04*63.04**16*0802201303849~
NM1*QC*1*Rodriguez*Fabiola****MI*GNT06115800~
NM1*82*2*Sunnyside Citywide Home Care Services*****XX*1154407492~
DTM*232*20130725~
DTM*233*20130725~
DTM*050*20130801~
AMT*AU*63.04~
SVC*HC:S5125*63.04*63.04*0572*16~
DTM*472*20130725~
AMT*B6*63.04~
CLP*2525760012010412*1*63.04*63.04**16*0802201303850~
NM1*QC*1*Rodriguez*Fabiola****MI*GNT06115800~
NM1*82*2*Sunnyside Citywide Home Care Services*****XX*1154407492~
DTM*232*20130726~
DTM*233*20130726~
DTM*050*20130801~
AMT*AU*63.04~
SVC*HC:S5125*63.04*63.04*0572*16~
DTM*472*20130726~
AMT*B6*63.04~
CLP*2525770012007969*1*141.84*141.84**16*0802201303851~
NM1*QC*1*Rodriguez*Holger****MI*GNT05256300~
NM1*82*2*Sunnyside Citywide Home Care Services*****XX*1154407492~
DTM*232*20130721~
DTM*233*20130721~
DTM*050*20130801~
AMT*AU*141.84~
SVC*HC:T1019*141.84*141.84*0572*36~
DTM*472*20130721~
AMT*B6*141.84~
CLP*2525770012007969*1*141.84*141.84**16*0802201303852~
NM1*QC*1*Rodriguez*Holger****MI*GNT05256300~
NM1*82*2*Sunnyside Citywide Home Care Services*****XX*1154407492~
DTM*232*20130722~
DTM*233*20130722~
DTM*050*20130801~
AMT*AU*141.84~
SVC*HC:T1019*141.84*141.84*0572*36~
DTM*472*20130722~
AMT*B6*141.84~
CLP*2525770012007969*1*141.84*141.84**16*0802201303853~
NM1*QC*1*Rodriguez*Holger****MI*GNT05256300~
NM1*82*2*Sunnyside Citywide Home Care Services*****XX*1154407492~
DTM*232*20130723~
DTM*233*20130723~
DTM*050*20130801~
AMT*AU*141.84~
SVC*HC:T1019*141.84*141.84*0572*36~
DTM*472*20130723~
AMT*B6*141.84~
CLP*2525770012007969*1*141.84*141.84**16*0802201303854~
NM1*QC*1*Rodriguez*Holger****MI*GNT05256300~
NM1*82*2*Sunnyside Citywide Home Care Services*****XX*1154407492~
DTM*232*20130724~
DTM*233*20130724~
DTM*050*20130801~
AMT*AU*141.84~
SVC*HC:T1019*141.84*141.84*0572*36~
DTM*472*20130724~
AMT*B6*141.84~
CLP*2525770012007969*1*141.84*141.84**16*0802201303855~
NM1*QC*1*Rodriguez*Holger****MI*GNT05256300~
NM1*82*2*Sunnyside Citywide Home Care Services*****XX*1154407492~
DTM*232*20130725~
DTM*233*20130725~
DTM*050*20130801~
AMT*AU*141.84~
SVC*HC:T1019*141.84*141.84*0572*36~
DTM*472*20130725~
AMT*B6*141.84~
CLP*2525770012007969*1*141.84*141.84**16*0802201303856~
NM1*QC*1*Rodriguez*Holger****MI*GNT05256300~
NM1*82*2*Sunnyside Citywide Home Care Services*****XX*1154407492~
DTM*232*20130726~
DTM*233*20130726~
DTM*050*20130801~
AMT*AU*141.84~
SVC*HC:T1019*141.84*141.84*0572*36~
DTM*472*20130726~
AMT*B6*141.84~
CLP*2525790012012182*1*63.04*63.04**16*0802201303864~
NM1*QC*1*Rodriguez*Lidia****MI*GNT03481200~
NM1*82*2*Sunnyside Citywide Home Care Services*****XX*1154407492~
DTM*232*20130722~
DTM*233*20130722~
DTM*050*20130801~
AMT*AU*63.04~
SVC*HC:T1019*63.04*63.04*0572*16~
DTM*472*20130722~
AMT*B6*63.04~
CLP*2525790012012182*1*63.04*63.04**16*0802201303865~
NM1*QC*1*Rodriguez*Lidia****MI*GNT03481200~
NM1*82*2*Sunnyside Citywide Home Care Services*****XX*1154407492~
DTM*232*20130723~
DTM*233*20130723~
DTM*050*20130801~
AMT*AU*63.04~
SVC*HC:T1019*63.04*63.04*0572*16~
DTM*472*20130723~
AMT*B6*63.04~
CLP*2525790012012182*1*63.04*63.04**16*0802201303866~
NM1*QC*1*Rodriguez*Lidia****MI*GNT03481200~
NM1*82*2*Sunnyside Citywide Home Care Services*****XX*1154407492~
DTM*232*20130724~
DTM*233*20130724~
DTM*050*20130801~
AMT*AU*63.04~
SVC*HC:T1019*63.04*63.04*0572*16~
DTM*472*20130724~
AMT*B6*63.04~
CLP*2525790012012182*1*63.04*63.04**16*0802201303867~
NM1*QC*1*Rodriguez*Lidia****MI*GNT03481200~
NM1*82*2*Sunnyside Citywide Home Care Services*****XX*1154407492~
DTM*232*20130725~
DTM*233*20130725~
DTM*050*20130801~
AMT*AU*63.04~
SVC*HC:T1019*63.04*63.04*0572*16~
DTM*472*20130725~
AMT*B6*63.04~
CLP*2525790012012182*1*63.04*63.04**16*0802201303868~
NM1*QC*1*Rodriguez*Lidia****MI*GNT03481200~
NM1*82*2*Sunnyside Citywide Home Care Services*****XX*1154407492~
DTM*232*20130726~
DTM*233*20130726~
DTM*050*20130801~
AMT*AU*63.04~
SVC*HC:T1019*63.04*63.04*0572*16~
DTM*472*20130726~
AMT*B6*63.04~
CLP*2525800012012496*1*63.04*63.04**16*0802201303869~
NM1*QC*1*Rojas*Haydee****MI*GNT04856800~
NM1*82*2*Sunnyside Citywide Home Care Services*****XX*1154407492~
DTM*232*20130720~
DTM*233*20130720~
DTM*050*20130801~
AMT*AU*63.04~
SVC*HC:S5125*63.04*63.04*0572*16~
DTM*472*20130720~
AMT*B6*63.04~
CLP*2525800012012496*1*63.04*63.04**16*0802201303870~
NM1*QC*1*Rojas*Haydee****MI*GNT04856800~
NM1*82*2*Sunnyside Citywide Home Care Services*****XX*1154407492~
DTM*232*20130721~
DTM*233*20130721~
DTM*050*20130801~
AMT*AU*63.04~
SVC*HC:S5125*63.04*63.04*0572*16~
DTM*472*20130721~
AMT*B6*63.04~
CLP*2525800012012496*1*78.8*78.8**16*0802201303871~
NM1*QC*1*Rojas*Haydee****MI*GNT04856800~
NM1*82*2*Sunnyside Citywide Home Care Services*****XX*1154407492~
DTM*232*20130722~
DTM*233*20130722~
DTM*050*20130801~
AMT*AU*78.8~
SVC*HC:S5125*78.8*78.8*0572*20~
DTM*472*20130722~
AMT*B6*78.8~
CLP*2525800012012496*1*78.8*78.8**16*0802201303872~
NM1*QC*1*Rojas*Haydee****MI*GNT04856800~
NM1*82*2*Sunnyside Citywide Home Care Services*****XX*1154407492~
DTM*232*20130723~
DTM*233*20130723~
DTM*050*20130801~
AMT*AU*78.8~
SVC*HC:S5125*78.8*78.8*0572*20~
DTM*472*20130723~
AMT*B6*78.8~
CLP*2525800012012496*1*78.8*78.8**16*0802201303873~
NM1*QC*1*Rojas*Haydee****MI*GNT04856800~
NM1*82*2*Sunnyside Citywide Home Care Services*****XX*1154407492~
DTM*232*20130724~
DTM*233*20130724~
DTM*050*20130801~
AMT*AU*78.8~
SVC*HC:S5125*78.8*78.8*0572*20~
DTM*472*20130724~
AMT*B6*78.8~
CLP*2525800012012496*1*78.8*78.8**16*0802201303874~
NM1*QC*1*Rojas*Haydee****MI*GNT04856800~
NM1*82*2*Sunnyside Citywide Home Care Services*****XX*1154407492~
DTM*232*20130725~
DTM*233*20130725~
DTM*050*20130801~
AMT*AU*78.8~
SVC*HC:S5125*78.8*78.8*0572*20~
DTM*472*20130725~
AMT*B6*78.8~
CLP*2525800012012496*1*78.8*78.8**16*0802201303875~
NM1*QC*1*Rojas*Haydee****MI*GNT04856800~
NM1*82*2*Sunnyside Citywide Home Care Services*****XX*1154407492~
DTM*232*20130726~
DTM*233*20130726~
DTM*050*20130801~
AMT*AU*78.8~
SVC*HC:S5125*78.8*78.8*0572*20~
DTM*472*20130726~
AMT*B6*78.8~
CLP*2525810012011777*1*126.08*126.08**16*0802201303876~
NM1*QC*1*Roman*Gladys****MI*GNT02933300~
NM1*82*2*Sunnyside Citywide Home Care Services*****XX*1154407492~
DTM*232*20130720~
DTM*233*20130720~
DTM*050*20130801~
AMT*AU*126.08~
SVC*HC:S5125*126.08*126.08*0572*32~
DTM*472*20130720~
AMT*B6*126.08~
CLP*2525810012011777*1*126.08*126.08**16*0802201303877~
NM1*QC*1*Roman*Gladys****MI*GNT02933300~
NM1*82*2*Sunnyside Citywide Home Care Services*****XX*1154407492~
DTM*232*20130721~
DTM*233*20130721~
DTM*050*20130801~
AMT*AU*126.08~
SVC*HC:S5125*126.08*126.08*0572*32~
DTM*472*20130721~
AMT*B6*126.08~
CLP*2525810012011777*1*126.08*126.08**16*0802201303878~
NM1*QC*1*Roman*Gladys****MI*GNT02933300~
NM1*82*2*Sunnyside Citywide Home Care Services*****XX*1154407492~
DTM*232*20130722~
DTM*233*20130722~
DTM*050*20130801~
AMT*AU*126.08~
SVC*HC:S5125*126.08*126.08*0572*32~
DTM*472*20130722~
AMT*B6*126.08~
CLP*2525810012011777*1*126.08*126.08**16*0802201303879~
NM1*QC*1*Roman*Gladys****MI*GNT02933300~
NM1*82*2*Sunnyside Citywide Home Care Services*****XX*1154407492~
DTM*232*20130723~
DTM*233*20130723~
DTM*050*20130801~
AMT*AU*126.08~
SVC*HC:S5125*126.08*126.08*0572*32~
DTM*472*20130723~
AMT*B6*126.08~
CLP*2525810012011777*1*126.08*126.08**16*0802201303880~
NM1*QC*1*Roman*Gladys****MI*GNT02933300~
NM1*82*2*Sunnyside Citywide Home Care Services*****XX*1154407492~
DTM*232*20130724~
DTM*233*20130724~
DTM*050*20130801~
AMT*AU*126.08~
SVC*HC:S5125*126.08*126.08*0572*32~
DTM*472*20130724~
AMT*B6*126.08~
CLP*2525810012011777*1*126.08*126.08**16*0802201303881~
NM1*QC*1*Roman*Gladys****MI*GNT02933300~
NM1*82*2*Sunnyside Citywide Home Care Services*****XX*1154407492~
DTM*232*20130725~
DTM*233*20130725~
DTM*050*20130801~
AMT*AU*126.08~
SVC*HC:S5125*126.08*126.08*0572*32~
DTM*472*20130725~
AMT*B6*126.08~
CLP*2525820012012085*1*110.32*110.32**16*0802201303882~
NM1*QC*1*Rosario*Ana****MI*GNT03285400~
NM1*82*2*Sunnyside Citywide Home Care Services*****XX*1154407492~
DTM*232*20130722~
DTM*233*20130722~
DTM*050*20130801~
AMT*AU*110.32~
SVC*HC:S5125*110.32*110.32*0572*28~
DTM*472*20130722~
AMT*B6*110.32~
CLP*2525820012012085*1*110.32*110.32**16*0802201303883~
NM1*QC*1*Rosario*Ana****MI*GNT03285400~
NM1*82*2*Sunnyside Citywide Home Care Services*****XX*1154407492~
DTM*232*20130723~
DTM*233*20130723~
DTM*050*20130801~
AMT*AU*110.32~
SVC*HC:S5125*110.32*110.32*0572*28~
DTM*472*20130723~
AMT*B6*110.32~
CLP*2525820012012085*1*110.32*110.32**16*0802201303884~
NM1*QC*1*Rosario*Ana****MI*GNT03285400~
NM1*82*2*Sunnyside Citywide Home Care Services*****XX*1154407492~
DTM*232*20130724~
DTM*233*20130724~
DTM*050*20130801~
AMT*AU*110.32~
SVC*HC:S5125*110.32*110.32*0572*28~
DTM*472*20130724~
AMT*B6*110.32~
CLP*2525820012012085*1*110.32*110.32**16*0802201303885~
NM1*QC*1*Rosario*Ana****MI*GNT03285400~
NM1*82*2*Sunnyside Citywide Home Care Services*****XX*1154407492~
DTM*232*20130725~
DTM*233*20130725~
DTM*050*20130801~
AMT*AU*110.32~
SVC*HC:S5125*110.32*110.32*0572*28~
DTM*472*20130725~
AMT*B6*110.32~
CLP*2525820012012085*1*110.32*110.32**16*0802201303886~
NM1*QC*1*Rosario*Ana****MI*GNT03285400~
NM1*82*2*Sunnyside Citywide Home Care Services*****XX*1154407492~
DTM*232*20130726~
DTM*233*20130726~
DTM*050*20130801~
AMT*AU*110.32~
SVC*HC:S5125*110.32*110.32*0572*28~
DTM*472*20130726~
AMT*B6*110.32~
CLP*2525830012006828*1*86.68*86.68**16*0802201303887~
NM1*QC*1*Rubiano*Maria****MI*GNT03390400~
NM1*82*2*Sunnyside Citywide Home Care Services*****XX*1154407492~
DTM*232*20130626~
DTM*233*20130626~
DTM*050*20130801~
AMT*AU*86.68~
SVC*HC:S5125*86.68*86.68*0572*22~
DTM*472*20130626~
AMT*B6*86.68~
CLP*2525830012006828*1*86.68*86.68**16*0802201303888~
NM1*QC*1*Rubiano*Maria****MI*GNT03390400~
NM1*82*2*Sunnyside Citywide Home Care Services*****XX*1154407492~
DTM*232*20130628~
DTM*233*20130628~
DTM*050*20130801~
AMT*AU*86.68~
SVC*HC:S5125*86.68*86.68*0572*22~
DTM*472*20130628~
AMT*B6*86.68~
CLP*2525830012006828*1*86.68*86.68**16*0802201303889~
NM1*QC*1*Rubiano*Maria****MI*GNT03390400~
NM1*82*2*Sunnyside Citywide Home Care Services*****XX*1154407492~
DTM*232*20130710~
DTM*233*20130710~
DTM*050*20130801~
AMT*AU*86.68~
SVC*HC:S5125*86.68*86.68*0572*22~
DTM*472*20130710~
AMT*B6*86.68~
CLP*2525830012006828*1*86.68*86.68**16*0802201303890~
NM1*QC*1*Rubiano*Maria****MI*GNT03390400~
NM1*82*2*Sunnyside Citywide Home Care Services*****XX*1154407492~
DTM*232*20130711~
DTM*233*20130711~
DTM*050*20130801~
AMT*AU*86.68~
SVC*HC:S5125*86.68*86.68*0572*22~
DTM*472*20130711~
AMT*B6*86.68~
CLP*2525830012006828*1*86.68*86.68**16*0802201303891~
NM1*QC*1*Rubiano*Maria****MI*GNT03390400~
NM1*82*2*Sunnyside Citywide Home Care Services*****XX*1154407492~
DTM*232*20130712~
DTM*233*20130712~
DTM*050*20130801~
AMT*AU*86.68~
SVC*HC:S5125*86.68*86.68*0572*22~
DTM*472*20130712~
AMT*B6*86.68~
CLP*2525830012006828*1*86.68*86.68**16*0802201303892~
NM1*QC*1*Rubiano*Maria****MI*GNT03390400~
NM1*82*2*Sunnyside Citywide Home Care Services*****XX*1154407492~
DTM*232*20130718~
DTM*233*20130718~
DTM*050*20130801~
AMT*AU*86.68~
SVC*HC:S5125*86.68*86.68*0572*22~
DTM*472*20130718~
AMT*B6*86.68~
CLP*2525840012011986*1*50.28*50.28**16*0802201303893~
NM1*QC*1*Ruiz*James****MI*GNT00225800~
NM1*82*2*Sunnyside Citywide Home Care Services*****XX*1154407492~
DTM*232*20130720~
DTM*233*20130720~
DTM*050*20130801~
AMT*AU*50.28~
SVC*HC:S5125:TT*50.28*50.28*0572*12~
DTM*472*20130720~
AMT*B6*50.28~
CLP*2525840012011986*1*50.28*50.28**16*0802201303894~
NM1*QC*1*Ruiz*James****MI*GNT00225800~
NM1*82*2*Sunnyside Citywide Home Care Services*****XX*1154407492~
DTM*232*20130721~
DTM*233*20130721~
DTM*050*20130801~
AMT*AU*50.28~
SVC*HC:S5125:TT*50.28*50.28*0572*12~
DTM*472*20130721~
AMT*B6*50.28~
CLP*2525840012011986*1*50.28*50.28**16*0802201303895~
NM1*QC*1*Ruiz*James****MI*GNT00225800~
NM1*82*2*Sunnyside Citywide Home Care Services*****XX*1154407492~
DTM*232*20130722~
DTM*233*20130722~
DTM*050*20130801~
AMT*AU*50.28~
SVC*HC:S5125:TT*50.28*50.28*0572*12~
DTM*472*20130722~
AMT*B6*50.28~
CLP*2525840012011986*1*50.28*50.28**16*0802201303896~
NM1*QC*1*Ruiz*James****MI*GNT00225800~
NM1*82*2*Sunnyside Citywide Home Care Services*****XX*1154407492~
DTM*232*20130723~
DTM*233*20130723~
DTM*050*20130801~
AMT*AU*50.28~
SVC*HC:S5125:TT*50.28*50.28*0572*12~
DTM*472*20130723~
AMT*B6*50.28~
CLP*2525840012011986*1*50.28*50.28**16*0802201303897~
NM1*QC*1*Ruiz*James****MI*GNT00225800~
NM1*82*2*Sunnyside Citywide Home Care Services*****XX*1154407492~
DTM*232*20130724~
DTM*233*20130724~
DTM*050*20130801~
AMT*AU*50.28~
SVC*HC:S5125:TT*50.28*50.28*0572*12~
DTM*472*20130724~
AMT*B6*50.28~
CLP*2525840012011986*1*50.28*50.28**16*0802201303898~
NM1*QC*1*Ruiz*James****MI*GNT00225800~
NM1*82*2*Sunnyside Citywide Home Care Services*****XX*1154407492~
DTM*232*20130725~
DTM*233*20130725~
DTM*050*20130801~
AMT*AU*50.28~
SVC*HC:S5125:TT*50.28*50.28*0572*12~
DTM*472*20130725~
AMT*B6*50.28~
CLP*2525840012011986*1*50.28*50.28**16*0802201303899~
NM1*QC*1*Ruiz*James****MI*GNT00225800~
NM1*82*2*Sunnyside Citywide Home Care Services*****XX*1154407492~
DTM*232*20130726~
DTM*233*20130726~
DTM*050*20130801~
AMT*AU*50.28~
SVC*HC:S5125:TT*50.28*50.28*0572*12~
DTM*472*20130726~
AMT*B6*50.28~
CLP*2525850012011987*1*50.28*50.28**16*0802201303901~
NM1*QC*1*Ruiz*Rosa****MI*GNT00225900~
NM1*82*2*Sunnyside Citywide Home Care Services*****XX*1154407492~
DTM*232*20130720~
DTM*233*20130720~
DTM*050*20130801~
AMT*AU*50.28~
SVC*HC:S5125:TT*50.28*50.28*0572*12~
DTM*472*20130720~
AMT*B6*50.28~
CLP*2525850012011987*1*50.28*50.28**16*0802201303902~
NM1*QC*1*Ruiz*Rosa****MI*GNT00225900~
NM1*82*2*Sunnyside Citywide Home Care Services*****XX*1154407492~
DTM*232*20130721~
DTM*233*20130721~
DTM*050*20130801~
AMT*AU*50.28~
SVC*HC:S5125:TT*50.28*50.28*0572*12~
DTM*472*20130721~
AMT*B6*50.28~
CLP*2525850012011987*1*50.28*50.28**16*0802201303903~
NM1*QC*1*Ruiz*Rosa****MI*GNT00225900~
NM1*82*2*Sunnyside Citywide Home Care Services*****XX*1154407492~
DTM*232*20130722~
DTM*233*20130722~
DTM*050*20130801~
AMT*AU*50.28~
SVC*HC:S5125:TT*50.28*50.28*0572*12~
DTM*472*20130722~
AMT*B6*50.28~
CLP*2525850012011987*1*50.28*50.28**16*0802201303904~
NM1*QC*1*Ruiz*Rosa****MI*GNT00225900~
NM1*82*2*Sunnyside Citywide Home Care Services*****XX*1154407492~
DTM*232*20130723~
DTM*233*20130723~
DTM*050*20130801~
AMT*AU*50.28~
SVC*HC:S5125:TT*50.28*50.28*0572*12~
DTM*472*20130723~
AMT*B6*50.28~
CLP*2525850012011987*1*50.28*50.28**16*0802201303905~
NM1*QC*1*Ruiz*Rosa****MI*GNT00225900~
NM1*82*2*Sunnyside Citywide Home Care Services*****XX*1154407492~
DTM*232*20130724~
DTM*233*20130724~
DTM*050*20130801~
AMT*AU*50.28~
SVC*HC:S5125:TT*50.28*50.28*0572*12~
DTM*472*20130724~
AMT*B6*50.28~
CLP*2525850012011987*1*50.28*50.28**16*0802201303906~
NM1*QC*1*Ruiz*Rosa****MI*GNT00225900~
NM1*82*2*Sunnyside Citywide Home Care Services*****XX*1154407492~
DTM*232*20130725~
DTM*233*20130725~
DTM*050*20130801~
AMT*AU*50.28~
SVC*HC:S5125:TT*50.28*50.28*0572*12~
DTM*472*20130725~
AMT*B6*50.28~
CLP*2525850012011987*1*50.28*50.28**16*0802201303907~
NM1*QC*1*Ruiz*Rosa****MI*GNT00225900~
NM1*82*2*Sunnyside Citywide Home Care Services*****XX*1154407492~
DTM*232*20130726~
DTM*233*20130726~
DTM*050*20130801~
AMT*AU*50.28~
SVC*HC:S5125:TT*50.28*50.28*0572*12~
DTM*472*20130726~
AMT*B6*50.28~
CLP*2525860012003430*1*126.08*126.08**16*0802201303908~
NM1*QC*1*Saljanin*Dilja****MI*GNT03006000~
NM1*82*2*Sunnyside Citywide Home Care Services*****XX*1154407492~
DTM*232*20130720~
DTM*233*20130720~
DTM*050*20130801~
AMT*AU*126.08~
SVC*HC:S5125*126.08*126.08*0572*32~
DTM*472*20130720~
AMT*B6*126.08~
CLP*2525860012003430*1*126.08*126.08**16*0802201303909~
NM1*QC*1*Saljanin*Dilja****MI*GNT03006000~
NM1*82*2*Sunnyside Citywide Home Care Services*****XX*1154407492~
DTM*232*20130721~
DTM*233*20130721~
DTM*050*20130801~
AMT*AU*126.08~
SVC*HC:S5125*126.08*126.08*0572*32~
DTM*472*20130721~
AMT*B6*126.08~
CLP*2525860012003430*1*133.96*133.96**16*0802201303910~
NM1*QC*1*Saljanin*Dilja****MI*GNT03006000~
NM1*82*2*Sunnyside Citywide Home Care Services*****XX*1154407492~
DTM*232*20130722~
DTM*233*20130722~
DTM*050*20130801~
AMT*AU*133.96~
SVC*HC:S5125*133.96*133.96*0572*34~
DTM*472*20130722~
AMT*B6*133.96~
CLP*2525860012003430*1*133.96*133.96**16*0802201303911~
NM1*QC*1*Saljanin*Dilja****MI*GNT03006000~
NM1*82*2*Sunnyside Citywide Home Care Services*****XX*1154407492~
DTM*232*20130723~
DTM*233*20130723~
DTM*050*20130801~
AMT*AU*133.96~
SVC*HC:S5125*133.96*133.96*0572*34~
DTM*472*20130723~
AMT*B6*133.96~
CLP*2525870012012084*1*117.32*117.32**16*0802201303912~
NM1*QC*1*Sanchez*Ana Maria****MI*GNT02386400~
NM1*82*2*Sunnyside Citywide Home Care Services*****XX*1154407492~
DTM*232*20130720~
DTM*233*20130720~
DTM*050*20130801~
AMT*AU*117.32~
SVC*HC:S5125:TT*117.32*117.32*0572*28~
DTM*472*20130720~
AMT*B6*117.32~
CLP*2525870012012084*1*117.32*117.32**16*0802201303913~
NM1*QC*1*Sanchez*Ana Maria****MI*GNT02386400~
NM1*82*2*Sunnyside Citywide Home Care Services*****XX*1154407492~
DTM*232*20130721~
DTM*233*20130721~
DTM*050*20130801~
AMT*AU*117.32~
SVC*HC:S5125:TT*117.32*117.32*0572*28~
DTM*472*20130721~
AMT*B6*117.32~
CLP*2525870012012084*1*83.8*83.8**16*0802201303914~
NM1*QC*1*Sanchez*Ana Maria****MI*GNT02386400~
NM1*82*2*Sunnyside Citywide Home Care Services*****XX*1154407492~
DTM*232*20130722~
DTM*233*20130722~
DTM*050*20130801~
AMT*AU*83.8~
SVC*HC:S5125:TT*83.8*83.8*0572*20~
DTM*472*20130722~
AMT*B6*83.8~
CLP*2525870012012084*1*83.8*83.8**16*0802201303915~
NM1*QC*1*Sanchez*Ana Maria****MI*GNT02386400~
NM1*82*2*Sunnyside Citywide Home Care Services*****XX*1154407492~
DTM*232*20130723~
DTM*233*20130723~
DTM*050*20130801~
AMT*AU*83.8~
SVC*HC:S5125:TT*83.8*83.8*0572*20~
DTM*472*20130723~
AMT*B6*83.8~
CLP*2525870012012084*1*83.8*83.8**16*0802201303916~
NM1*QC*1*Sanchez*Ana Maria****MI*GNT02386400~
NM1*82*2*Sunnyside Citywide Home Care Services*****XX*1154407492~
DTM*232*20130724~
DTM*233*20130724~
DTM*050*20130801~
AMT*AU*83.8~
SVC*HC:S5125:TT*83.8*83.8*0572*20~
DTM*472*20130724~
AMT*B6*83.8~
CLP*2525870012012084*1*83.8*83.8**16*0802201303917~
NM1*QC*1*Sanchez*Ana Maria****MI*GNT02386400~
NM1*82*2*Sunnyside Citywide Home Care Services*****XX*1154407492~
DTM*232*20130725~
DTM*233*20130725~
DTM*050*20130801~
AMT*AU*83.8~
SVC*HC:S5125:TT*83.8*83.8*0572*20~
DTM*472*20130725~
AMT*B6*83.8~
CLP*2525870012012084*1*83.8*83.8**16*0802201303918~
NM1*QC*1*Sanchez*Ana Maria****MI*GNT02386400~
NM1*82*2*Sunnyside Citywide Home Care Services*****XX*1154407492~
DTM*232*20130726~
DTM*233*20130726~
DTM*050*20130801~
AMT*AU*83.8~
SVC*HC:S5125:TT*83.8*83.8*0572*20~
DTM*472*20130726~
AMT*B6*83.8~
CLP*2525880011997789*1*63.04*63.04**16*0802201303919~
NM1*QC*1*Sanchez*Elizabeth****MI*GNT00370600~
NM1*82*2*Sunnyside Citywide Home Care Services*****XX*1154407492~
DTM*232*20130720~
DTM*233*20130720~
DTM*050*20130801~
AMT*AU*63.04~
SVC*HC:T1019*63.04*63.04*0572*16~
DTM*472*20130720~
AMT*B6*63.04~
CLP*2525880011997789*1*63.04*63.04**16*0802201303920~
NM1*QC*1*Sanchez*Elizabeth****MI*GNT00370600~
NM1*82*2*Sunnyside Citywide Home Care Services*****XX*1154407492~
DTM*232*20130721~
DTM*233*20130721~
DTM*050*20130801~
AMT*AU*63.04~
SVC*HC:T1019*63.04*63.04*0572*16~
DTM*472*20130721~
AMT*B6*63.04~
CLP*2525880011997789*1*110.32*110.32**16*0802201303921~
NM1*QC*1*Sanchez*Elizabeth****MI*GNT00370600~
NM1*82*2*Sunnyside Citywide Home Care Services*****XX*1154407492~
DTM*232*20130722~
DTM*233*20130722~
DTM*050*20130801~
AMT*AU*110.32~
SVC*HC:T1019*110.32*110.32*0572*28~
DTM*472*20130722~
AMT*B6*110.32~
CLP*2525880011997789*1*110.32*110.32**16*0802201303922~
NM1*QC*1*Sanchez*Elizabeth****MI*GNT00370600~
NM1*82*2*Sunnyside Citywide Home Care Services*****XX*1154407492~
DTM*232*20130723~
DTM*233*20130723~
DTM*050*20130801~
AMT*AU*110.32~
SVC*HC:T1019*110.32*110.32*0572*28~
DTM*472*20130723~
AMT*B6*110.32~
CLP*2525880011997789*1*110.32*110.32**16*0802201303923~
NM1*QC*1*Sanchez*Elizabeth****MI*GNT00370600~
NM1*82*2*Sunnyside Citywide Home Care Services*****XX*1154407492~
DTM*232*20130724~
DTM*233*20130724~
DTM*050*20130801~
AMT*AU*110.32~
SVC*HC:T1019*110.32*110.32*0572*28~
DTM*472*20130724~
AMT*B6*110.32~
CLP*2525880011997789*1*110.32*110.32**16*0802201303924~
NM1*QC*1*Sanchez*Elizabeth****MI*GNT00370600~
NM1*82*2*Sunnyside Citywide Home Care Services*****XX*1154407492~
DTM*232*20130725~
DTM*233*20130725~
DTM*050*20130801~
AMT*AU*110.32~
SVC*HC:T1019*110.32*110.32*0572*28~
DTM*472*20130725~
AMT*B6*110.32~
CLP*2525880011997789*1*110.32*110.32**16*0802201303925~
NM1*QC*1*Sanchez*Elizabeth****MI*GNT00370600~
NM1*82*2*Sunnyside Citywide Home Care Services*****XX*1154407492~
DTM*232*20130726~
DTM*233*20130726~
DTM*050*20130801~
AMT*AU*110.32~
SVC*HC:T1019*110.32*110.32*0572*28~
DTM*472*20130726~
AMT*B6*110.32~
CLP*2525890012012082*1*94.56*94.56**16*0802201303926~
NM1*QC*1*Sanchez*Estervina****MI*GNT05030100~
NM1*82*2*Sunnyside Citywide Home Care Services*****XX*1154407492~
DTM*232*20130722~
DTM*233*20130722~
DTM*050*20130801~
AMT*AU*94.56~
SVC*HC:S5125*94.56*94.56*0572*24~
DTM*472*20130722~
AMT*B6*94.56~
CLP*2525890012012082*1*94.56*94.56**16*0802201303927~
NM1*QC*1*Sanchez*Estervina****MI*GNT05030100~
NM1*82*2*Sunnyside Citywide Home Care Services*****XX*1154407492~
DTM*232*20130723~
DTM*233*20130723~
DTM*050*20130801~
AMT*AU*94.56~
SVC*HC:S5125*94.56*94.56*0572*24~
DTM*472*20130723~
AMT*B6*94.56~
CLP*2525890012012082*1*94.56*94.56**16*0802201303928~
NM1*QC*1*Sanchez*Estervina****MI*GNT05030100~
NM1*82*2*Sunnyside Citywide Home Care Services*****XX*1154407492~
DTM*232*20130724~
DTM*233*20130724~
DTM*050*20130801~
AMT*AU*94.56~
SVC*HC:S5125*94.56*94.56*0572*24~
DTM*472*20130724~
AMT*B6*94.56~
CLP*2525890012012082*1*94.56*94.56**16*0802201303929~
NM1*QC*1*Sanchez*Estervina****MI*GNT05030100~
NM1*82*2*Sunnyside Citywide Home Care Services*****XX*1154407492~
DTM*232*20130725~
DTM*233*20130725~
DTM*050*20130801~
AMT*AU*94.56~
SVC*HC:S5125*94.56*94.56*0572*24~
DTM*472*20130725~
AMT*B6*94.56~
CLP*2525890012012082*1*94.56*94.56**16*0802201303930~
NM1*QC*1*Sanchez*Estervina****MI*GNT05030100~
NM1*82*2*Sunnyside Citywide Home Care Services*****XX*1154407492~
DTM*232*20130726~
DTM*233*20130726~
DTM*050*20130801~
AMT*AU*94.56~
SVC*HC:S5125*94.56*94.56*0572*24~
DTM*472*20130726~
AMT*B6*94.56~
CLP*2525900012011841*1*78.8*78.8**16*0802201303931~
NM1*QC*1*Santana*Octavio****MI*GNT00231600~
NM1*82*2*Sunnyside Citywide Home Care Services*****XX*1154407492~
DTM*232*20130722~
DTM*233*20130722~
DTM*050*20130801~
AMT*AU*78.8~
SVC*HC:T1019*78.8*78.8*0572*20~
DTM*472*20130722~
AMT*B6*78.8~
CLP*2525900012011841*1*78.8*78.8**16*0802201303932~
NM1*QC*1*Santana*Octavio****MI*GNT00231600~
NM1*82*2*Sunnyside Citywide Home Care Services*****XX*1154407492~
DTM*232*20130723~
DTM*233*20130723~
DTM*050*20130801~
AMT*AU*78.8~
SVC*HC:T1019*78.8*78.8*0572*20~
DTM*472*20130723~
AMT*B6*78.8~
CLP*2525900012011841*1*78.8*78.8**16*0802201303933~
NM1*QC*1*Santana*Octavio****MI*GNT00231600~
NM1*82*2*Sunnyside Citywide Home Care Services*****XX*1154407492~
DTM*232*20130724~
DTM*233*20130724~
DTM*050*20130801~
AMT*AU*78.8~
SVC*HC:T1019*78.8*78.8*0572*20~
DTM*472*20130724~
AMT*B6*78.8~
CLP*2525900012011841*1*78.8*78.8**16*0802201303934~
NM1*QC*1*Santana*Octavio****MI*GNT00231600~
NM1*82*2*Sunnyside Citywide Home Care Services*****XX*1154407492~
DTM*232*20130725~
DTM*233*20130725~
DTM*050*20130801~
AMT*AU*78.8~
SVC*HC:T1019*78.8*78.8*0572*20~
DTM*472*20130725~
AMT*B6*78.8~
CLP*2525900012011841*1*78.8*78.8**16*0802201303935~
NM1*QC*1*Santana*Octavio****MI*GNT00231600~
NM1*82*2*Sunnyside Citywide Home Care Services*****XX*1154407492~
DTM*232*20130726~
DTM*233*20130726~
DTM*050*20130801~
AMT*AU*78.8~
SVC*HC:T1019*78.8*78.8*0572*20~
DTM*472*20130726~
AMT*B6*78.8~
CLP*2525910012011787*1*63.04*63.04**16*0802201303936~
NM1*QC*1*Santiago*Arminda****MI*GNT02860500~
NM1*82*2*Sunnyside Citywide Home Care Services*****XX*1154407492~
DTM*232*20130722~
DTM*233*20130722~
DTM*050*20130801~
AMT*AU*63.04~
SVC*HC:T1019*63.04*63.04*0572*16~
DTM*472*20130722~
AMT*B6*63.04~
CLP*2525910012011787*1*63.04*63.04**16*0802201303937~
NM1*QC*1*Santiago*Arminda****MI*GNT02860500~
NM1*82*2*Sunnyside Citywide Home Care Services*****XX*1154407492~
DTM*232*20130723~
DTM*233*20130723~
DTM*050*20130801~
AMT*AU*63.04~
SVC*HC:T1019*63.04*63.04*0572*16~
DTM*472*20130723~
AMT*B6*63.04~
CLP*2525910012011787*1*63.04*63.04**16*0802201303938~
NM1*QC*1*Santiago*Arminda****MI*GNT02860500~
NM1*82*2*Sunnyside Citywide Home Care Services*****XX*1154407492~
DTM*232*20130724~
DTM*233*20130724~
DTM*050*20130801~
AMT*AU*63.04~
SVC*HC:T1019*63.04*63.04*0572*16~
DTM*472*20130724~
AMT*B6*63.04~
CLP*2525910012011787*1*63.04*63.04**16*0802201303939~
NM1*QC*1*Santiago*Arminda****MI*GNT02860500~
NM1*82*2*Sunnyside Citywide Home Care Services*****XX*1154407492~
DTM*232*20130725~
DTM*233*20130725~
DTM*050*20130801~
AMT*AU*63.04~
SVC*HC:T1019*63.04*63.04*0572*16~
DTM*472*20130725~
AMT*B6*63.04~
CLP*2525910012011787*1*63.04*63.04**16*0802201303940~
NM1*QC*1*Santiago*Arminda****MI*GNT02860500~
NM1*82*2*Sunnyside Citywide Home Care Services*****XX*1154407492~
DTM*232*20130726~
DTM*233*20130726~
DTM*050*20130801~
AMT*AU*63.04~
SVC*HC:T1019*63.04*63.04*0572*16~
DTM*472*20130726~
AMT*B6*63.04~
CLP*2525940012013017*1*63.04*63.04**16*0802201303957~
NM1*QC*1*Schenk*Eni****MI*GNT06973400~
NM1*82*2*Sunnyside Citywide Home Care Services*****XX*1154407492~
DTM*232*20130718~
DTM*233*20130718~
DTM*050*20130801~
AMT*AU*63.04~
SVC*HC:S5125*63.04*63.04*0572*16~
DTM*472*20130718~
AMT*B6*63.04~
CLP*2525940012013017*1*63.04*63.04**16*0802201303958~
NM1*QC*1*Schenk*Eni****MI*GNT06973400~
NM1*82*2*Sunnyside Citywide Home Care Services*****XX*1154407492~
DTM*232*20130724~
DTM*233*20130724~
DTM*050*20130801~
AMT*AU*63.04~
SVC*HC:S5125*63.04*63.04*0572*16~
DTM*472*20130724~
AMT*B6*63.04~
CLP*2525950012013201*1*126.08*126.08**16*0802201303959~
NM1*QC*1*Schneider*Ruth****MI*GNT07136300~
NM1*82*2*Sunnyside Citywide Home Care Services*****XX*1154407492~
DTM*232*20130720~
DTM*233*20130720~
DTM*050*20130801~
AMT*AU*126.08~
SVC*HC:T1019*126.08*126.08*0572*32~
DTM*472*20130720~
AMT*B6*126.08~
CLP*2525950012013201*1*126.08*126.08**16*0802201303960~
NM1*QC*1*Schneider*Ruth****MI*GNT07136300~
NM1*82*2*Sunnyside Citywide Home Care Services*****XX*1154407492~
DTM*232*20130721~
DTM*233*20130721~
DTM*050*20130801~
AMT*AU*126.08~
SVC*HC:T1019*126.08*126.08*0572*32~
DTM*472*20130721~
AMT*B6*126.08~
CLP*2525950012013201*1*126.08*126.08**16*0802201303961~
NM1*QC*1*Schneider*Ruth****MI*GNT07136300~
NM1*82*2*Sunnyside Citywide Home Care Services*****XX*1154407492~
DTM*232*20130722~
DTM*233*20130722~
DTM*050*20130801~
AMT*AU*126.08~
SVC*HC:T1019*126.08*126.08*0572*32~
DTM*472*20130722~
AMT*B6*126.08~
CLP*2525950012013201*1*126.08*126.08**16*0802201303962~
NM1*QC*1*Schneider*Ruth****MI*GNT07136300~
NM1*82*2*Sunnyside Citywide Home Care Services*****XX*1154407492~
DTM*232*20130723~
DTM*233*20130723~
DTM*050*20130801~
AMT*AU*126.08~
SVC*HC:T1019*126.08*126.08*0572*32~
DTM*472*20130723~
AMT*B6*126.08~
CLP*2525950012013201*1*126.08*126.08**16*0802201303963~
NM1*QC*1*Schneider*Ruth****MI*GNT07136300~
NM1*82*2*Sunnyside Citywide Home Care Services*****XX*1154407492~
DTM*232*20130724~
DTM*233*20130724~
DTM*050*20130801~
AMT*AU*126.08~
SVC*HC:T1019*126.08*126.08*0572*32~
DTM*472*20130724~
AMT*B6*126.08~
CLP*2525950012013201*1*126.08*126.08**16*0802201303964~
NM1*QC*1*Schneider*Ruth****MI*GNT07136300~
NM1*82*2*Sunnyside Citywide Home Care Services*****XX*1154407492~
DTM*232*20130725~
DTM*233*20130725~
DTM*050*20130801~
AMT*AU*126.08~
SVC*HC:T1019*126.08*126.08*0572*32~
DTM*472*20130725~
AMT*B6*126.08~
CLP*2525950012013201*1*126.08*126.08**16*0802201303965~
NM1*QC*1*Schneider*Ruth****MI*GNT07136300~
NM1*82*2*Sunnyside Citywide Home Care Services*****XX*1154407492~
DTM*232*20130726~
DTM*233*20130726~
DTM*050*20130801~
AMT*AU*126.08~
SVC*HC:T1019*126.08*126.08*0572*32~
DTM*472*20130726~
AMT*B6*126.08~
CLP*2525960012002124*1*110.32*110.32**16*0802201303966~
NM1*QC*1*Shelton*Agueda****MI*GNT03123900~
NM1*82*2*Sunnyside Citywide Home Care Services*****XX*1154407492~
DTM*232*20130721~
DTM*233*20130721~
DTM*050*20130801~
AMT*AU*110.32~
SVC*HC:T1019*110.32*110.32*0572*28~
DTM*472*20130721~
AMT*B6*110.32~
CLP*2525960012002124*1*110.32*110.32**16*0802201303967~
NM1*QC*1*Shelton*Agueda****MI*GNT03123900~
NM1*82*2*Sunnyside Citywide Home Care Services*****XX*1154407492~
DTM*232*20130722~
DTM*233*20130722~
DTM*050*20130801~
AMT*AU*110.32~
SVC*HC:T1019*110.32*110.32*0572*28~
DTM*472*20130722~
AMT*B6*110.32~
CLP*2525960012002124*1*110.32*110.32**16*0802201303968~
NM1*QC*1*Shelton*Agueda****MI*GNT03123900~
NM1*82*2*Sunnyside Citywide Home Care Services*****XX*1154407492~
DTM*232*20130723~
DTM*233*20130723~
DTM*050*20130801~
AMT*AU*110.32~
SVC*HC:T1019*110.32*110.32*0572*28~
DTM*472*20130723~
AMT*B6*110.32~
CLP*2525960012002124*1*110.32*110.32**16*0802201303969~
NM1*QC*1*Shelton*Agueda****MI*GNT03123900~
NM1*82*2*Sunnyside Citywide Home Care Services*****XX*1154407492~
DTM*232*20130724~
DTM*233*20130724~
DTM*050*20130801~
AMT*AU*110.32~
SVC*HC:T1019*110.32*110.32*0572*28~
DTM*472*20130724~
AMT*B6*110.32~
CLP*2525960012002124*1*110.32*110.32**16*0802201303970~
NM1*QC*1*Shelton*Agueda****MI*GNT03123900~
NM1*82*2*Sunnyside Citywide Home Care Services*****XX*1154407492~
DTM*232*20130725~
DTM*233*20130725~
DTM*050*20130801~
AMT*AU*110.32~
SVC*HC:T1019*110.32*110.32*0572*28~
DTM*472*20130725~
AMT*B6*110.32~
CLP*2525960012002124*1*110.32*110.32**16*0802201303971~
NM1*QC*1*Shelton*Agueda****MI*GNT03123900~
NM1*82*2*Sunnyside Citywide Home Care Services*****XX*1154407492~
DTM*232*20130726~
DTM*233*20130726~
DTM*050*20130801~
AMT*AU*110.32~
SVC*HC:T1019*110.32*110.32*0572*28~
DTM*472*20130726~
AMT*B6*110.32~
CLP*2525970012011597*1*189.12*189.12**16*0802201303972~
NM1*QC*1*Solis*Judith****MI*GNT03904400~
NM1*82*2*Sunnyside Citywide Home Care Services*****XX*1154407492~
DTM*232*20130720~
DTM*233*20130720~
DTM*050*20130801~
AMT*AU*189.12~
SVC*HC:S5125*189.12*189.12*0572*48~
DTM*472*20130720~
AMT*B6*189.12~
CLP*2525970012011597*1*189.12*189.12**16*0802201303973~
NM1*QC*1*Solis*Judith****MI*GNT03904400~
NM1*82*2*Sunnyside Citywide Home Care Services*****XX*1154407492~
DTM*232*20130721~
DTM*233*20130721~
DTM*050*20130801~
AMT*AU*189.12~
SVC*HC:S5125*189.12*189.12*0572*48~
DTM*472*20130721~
AMT*B6*189.12~
CLP*2525970012011597*1*189.12*189.12**16*0802201303974~
NM1*QC*1*Solis*Judith****MI*GNT03904400~
NM1*82*2*Sunnyside Citywide Home Care Services*****XX*1154407492~
DTM*232*20130722~
DTM*233*20130722~
DTM*050*20130801~
AMT*AU*189.12~
SVC*HC:S5125*189.12*189.12*0572*48~
DTM*472*20130722~
AMT*B6*189.12~
CLP*2525970012011597*1*189.12*189.12**16*0802201303975~
NM1*QC*1*Solis*Judith****MI*GNT03904400~
NM1*82*2*Sunnyside Citywide Home Care Services*****XX*1154407492~
DTM*232*20130723~
DTM*233*20130723~
DTM*050*20130801~
AMT*AU*189.12~
SVC*HC:S5125*189.12*189.12*0572*48~
DTM*472*20130723~
AMT*B6*189.12~
CLP*2525980012008885*1*63.04*63.04**16*0802201303976~
NM1*QC*1*Somraj*Umilla****MI*GNT03813900~
NM1*82*2*Sunnyside Citywide Home Care Services*****XX*1154407492~
DTM*232*20130702~
DTM*233*20130702~
DTM*050*20130801~
AMT*AU*63.04~
SVC*HC:S5125*63.04*63.04*0572*16~
DTM*472*20130702~
AMT*B6*63.04~
CLP*2525980012008885*1*63.04*63.04**16*0802201303977~
NM1*QC*1*Somraj*Umilla****MI*GNT03813900~
NM1*82*2*Sunnyside Citywide Home Care Services*****XX*1154407492~
DTM*232*20130704~
DTM*233*20130704~
DTM*050*20130801~
AMT*AU*63.04~
SVC*HC:S5125*63.04*63.04*0572*16~
DTM*472*20130704~
AMT*B6*63.04~
CLP*2525980012008885*1*63.04*63.04**16*0802201303978~
NM1*QC*1*Somraj*Umilla****MI*GNT03813900~
NM1*82*2*Sunnyside Citywide Home Care Services*****XX*1154407492~
DTM*232*20130706~
DTM*233*20130706~
DTM*050*20130801~
AMT*AU*63.04~
SVC*HC:S5125*63.04*63.04*0572*16~
DTM*472*20130706~
AMT*B6*63.04~
CLP*2525980012008885*1*63.04*63.04**16*0802201303979~
NM1*QC*1*Somraj*Umilla****MI*GNT03813900~
NM1*82*2*Sunnyside Citywide Home Care Services*****XX*1154407492~
DTM*232*20130714~
DTM*233*20130714~
DTM*050*20130801~
AMT*AU*63.04~
SVC*HC:S5125*63.04*63.04*0572*16~
DTM*472*20130714~
AMT*B6*63.04~
CLP*2525980012008885*1*63.04*63.04**16*0802201303980~
NM1*QC*1*Somraj*Umilla****MI*GNT03813900~
NM1*82*2*Sunnyside Citywide Home Care Services*****XX*1154407492~
DTM*232*20130716~
DTM*233*20130716~
DTM*050*20130801~
AMT*AU*63.04~
SVC*HC:S5125*63.04*63.04*0572*16~
DTM*472*20130716~
AMT*B6*63.04~
CLP*2525980012008885*1*63.04*63.04**16*0802201303981~
NM1*QC*1*Somraj*Umilla****MI*GNT03813900~
NM1*82*2*Sunnyside Citywide Home Care Services*****XX*1154407492~
DTM*232*20130723~
DTM*233*20130723~
DTM*050*20130801~
AMT*AU*63.04~
SVC*HC:S5125*63.04*63.04*0572*16~
DTM*472*20130723~
AMT*B6*63.04~
CLP*2526000012011781*1*141.84*141.84**16*0802201303989~
NM1*QC*1*Then*Maria****MI*GNT04429300~
NM1*82*2*Sunnyside Citywide Home Care Services*****XX*1154407492~
DTM*232*20130722~
DTM*233*20130722~
DTM*050*20130801~
AMT*AU*141.84~
SVC*HC:S5125*141.84*141.84*0572*36~
DTM*472*20130722~
AMT*B6*141.84~
CLP*2526000012011781*1*47.28*47.28**16*0802201303990~
NM1*QC*1*Then*Maria****MI*GNT04429300~
NM1*82*2*Sunnyside Citywide Home Care Services*****XX*1154407492~
DTM*232*20130723~
DTM*233*20130723~
DTM*050*20130801~
AMT*AU*47.28~
SVC*HC:S5125*47.28*47.28*0572*12~
DTM*472*20130723~
AMT*B6*47.28~
CLP*2526000012011781*1*141.84*141.84**16*0802201303991~
NM1*QC*1*Then*Maria****MI*GNT04429300~
NM1*82*2*Sunnyside Citywide Home Care Services*****XX*1154407492~
DTM*232*20130724~
DTM*233*20130724~
DTM*050*20130801~
AMT*AU*141.84~
SVC*HC:S5125*141.84*141.84*0572*36~
DTM*472*20130724~
AMT*B6*141.84~
CLP*2526000012011781*1*47.28*47.28**16*0802201303992~
NM1*QC*1*Then*Maria****MI*GNT04429300~
NM1*82*2*Sunnyside Citywide Home Care Services*****XX*1154407492~
DTM*232*20130725~
DTM*233*20130725~
DTM*050*20130801~
AMT*AU*47.28~
SVC*HC:S5125*47.28*47.28*0572*12~
DTM*472*20130725~
AMT*B6*47.28~
CLP*2526000012011781*1*141.84*141.84**16*0802201303993~
NM1*QC*1*Then*Maria****MI*GNT04429300~
NM1*82*2*Sunnyside Citywide Home Care Services*****XX*1154407492~
DTM*232*20130726~
DTM*233*20130726~
DTM*050*20130801~
AMT*AU*141.84~
SVC*HC:S5125*141.84*141.84*0572*36~
DTM*472*20130726~
AMT*B6*141.84~
CLP*2526010012011782*1*78.8*78.8**16*0802201303994~
NM1*QC*1*Thermosy*Marie****MI*GNT02791600~
NM1*82*2*Sunnyside Citywide Home Care Services*****XX*1154407492~
DTM*232*20130720~
DTM*233*20130720~
DTM*050*20130801~
AMT*AU*78.8~
SVC*HC:S5125*78.8*78.8*0572*20~
DTM*472*20130720~
AMT*B6*78.8~
CLP*2526010012011782*1*126.08*126.08**16*0802201303995~
NM1*QC*1*Thermosy*Marie****MI*GNT02791600~
NM1*82*2*Sunnyside Citywide Home Care Services*****XX*1154407492~
DTM*232*20130722~
DTM*233*20130722~
DTM*050*20130801~
AMT*AU*126.08~
SVC*HC:S5125*126.08*126.08*0572*32~
DTM*472*20130722~
AMT*B6*126.08~
CLP*2526010012011782*1*126.08*126.08**16*0802201303996~
NM1*QC*1*Thermosy*Marie****MI*GNT02791600~
NM1*82*2*Sunnyside Citywide Home Care Services*****XX*1154407492~
DTM*232*20130723~
DTM*233*20130723~
DTM*050*20130801~
AMT*AU*126.08~
SVC*HC:S5125*126.08*126.08*0572*32~
DTM*472*20130723~
AMT*B6*126.08~
CLP*2526010012011782*1*126.08*126.08**16*0802201303997~
NM1*QC*1*Thermosy*Marie****MI*GNT02791600~
NM1*82*2*Sunnyside Citywide Home Care Services*****XX*1154407492~
DTM*232*20130724~
DTM*233*20130724~
DTM*050*20130801~
AMT*AU*126.08~
SVC*HC:S5125*126.08*126.08*0572*32~
DTM*472*20130724~
AMT*B6*126.08~
CLP*2526010012011782*1*126.08*126.08**16*0802201303998~
NM1*QC*1*Thermosy*Marie****MI*GNT02791600~
NM1*82*2*Sunnyside Citywide Home Care Services*****XX*1154407492~
DTM*232*20130725~
DTM*233*20130725~
DTM*050*20130801~
AMT*AU*126.08~
SVC*HC:S5125*126.08*126.08*0572*32~
DTM*472*20130725~
AMT*B6*126.08~
CLP*2526010012011782*1*126.08*126.08**16*0802201303999~
NM1*QC*1*Thermosy*Marie****MI*GNT02791600~
NM1*82*2*Sunnyside Citywide Home Care Services*****XX*1154407492~
DTM*232*20130726~
DTM*233*20130726~
DTM*050*20130801~
AMT*AU*126.08~
SVC*HC:S5125*126.08*126.08*0572*32~
DTM*472*20130726~
AMT*B6*126.08~
CLP*2526020012012197*1*94.56*94.56**16*0802201304001~
NM1*QC*1*Toro*Rosario****MI*GNT00261000~
NM1*82*2*Sunnyside Citywide Home Care Services*****XX*1154407492~
DTM*232*20130720~
DTM*233*20130720~
DTM*050*20130801~
AMT*AU*94.56~
SVC*HC:T1019*94.56*94.56*0572*24~
DTM*472*20130720~
AMT*B6*94.56~
CLP*2526020012012197*1*94.56*94.56**16*0802201304002~
NM1*QC*1*Toro*Rosario****MI*GNT00261000~
NM1*82*2*Sunnyside Citywide Home Care Services*****XX*1154407492~
DTM*232*20130721~
DTM*233*20130721~
DTM*050*20130801~
AMT*AU*94.56~
SVC*HC:T1019*94.56*94.56*0572*24~
DTM*472*20130721~
AMT*B6*94.56~
CLP*2526020012012197*1*126.08*126.08**16*0802201304003~
NM1*QC*1*Toro*Rosario****MI*GNT00261000~
NM1*82*2*Sunnyside Citywide Home Care Services*****XX*1154407492~
DTM*232*20130722~
DTM*233*20130722~
DTM*050*20130801~
AMT*AU*126.08~
SVC*HC:T1019*126.08*126.08*0572*32~
DTM*472*20130722~
AMT*B6*126.08~
CLP*2526020012012197*1*126.08*126.08**16*0802201304004~
NM1*QC*1*Toro*Rosario****MI*GNT00261000~
NM1*82*2*Sunnyside Citywide Home Care Services*****XX*1154407492~
DTM*232*20130723~
DTM*233*20130723~
DTM*050*20130801~
AMT*AU*126.08~
SVC*HC:T1019*126.08*126.08*0572*32~
DTM*472*20130723~
AMT*B6*126.08~
CLP*2526020012012197*1*126.08*126.08**16*0802201304005~
NM1*QC*1*Toro*Rosario****MI*GNT00261000~
NM1*82*2*Sunnyside Citywide Home Care Services*****XX*1154407492~
DTM*232*20130724~
DTM*233*20130724~
DTM*050*20130801~
AMT*AU*126.08~
SVC*HC:T1019*126.08*126.08*0572*32~
DTM*472*20130724~
AMT*B6*126.08~
CLP*2526020012012197*1*126.08*126.08**16*0802201304006~
NM1*QC*1*Toro*Rosario****MI*GNT00261000~
NM1*82*2*Sunnyside Citywide Home Care Services*****XX*1154407492~
DTM*232*20130725~
DTM*233*20130725~
DTM*050*20130801~
AMT*AU*126.08~
SVC*HC:T1019*126.08*126.08*0572*32~
DTM*472*20130725~
AMT*B6*126.08~
CLP*2526020012012197*1*126.08*126.08**16*0802201304007~
NM1*QC*1*Toro*Rosario****MI*GNT00261000~
NM1*82*2*Sunnyside Citywide Home Care Services*****XX*1154407492~
DTM*232*20130726~
DTM*233*20130726~
DTM*050*20130801~
AMT*AU*126.08~
SVC*HC:T1019*126.08*126.08*0572*32~
DTM*472*20130726~
AMT*B6*126.08~
CLP*2526030012011861*1*94.56*94.56**16*0802201304008~
NM1*QC*1*Torres*Juanita****MI*GNT03848300~
NM1*82*2*Sunnyside Citywide Home Care Services*****XX*1154407492~
DTM*232*20130721~
DTM*233*20130721~
DTM*050*20130801~
AMT*AU*94.56~
SVC*HC:T1019*94.56*94.56*0572*24~
DTM*472*20130721~
AMT*B6*94.56~
CLP*2526030012011861*1*126.08*126.08**16*0802201304009~
NM1*QC*1*Torres*Juanita****MI*GNT03848300~
NM1*82*2*Sunnyside Citywide Home Care Services*****XX*1154407492~
DTM*232*20130722~
DTM*233*20130722~
DTM*050*20130801~
AMT*AU*126.08~
SVC*HC:T1019*126.08*126.08*0572*32~
DTM*472*20130722~
AMT*B6*126.08~
CLP*2526030012011861*1*126.08*126.08**16*0802201304010~
NM1*QC*1*Torres*Juanita****MI*GNT03848300~
NM1*82*2*Sunnyside Citywide Home Care Services*****XX*1154407492~
DTM*232*20130723~
DTM*233*20130723~
DTM*050*20130801~
AMT*AU*126.08~
SVC*HC:T1019*126.08*126.08*0572*32~
DTM*472*20130723~
AMT*B6*126.08~
CLP*2526030012011861*1*126.08*126.08**16*0802201304011~
NM1*QC*1*Torres*Juanita****MI*GNT03848300~
NM1*82*2*Sunnyside Citywide Home Care Services*****XX*1154407492~
DTM*232*20130724~
DTM*233*20130724~
DTM*050*20130801~
AMT*AU*126.08~
SVC*HC:T1019*126.08*126.08*0572*32~
DTM*472*20130724~
AMT*B6*126.08~
CLP*2526030012011861*1*126.08*126.08**16*0802201304012~
NM1*QC*1*Torres*Juanita****MI*GNT03848300~
NM1*82*2*Sunnyside Citywide Home Care Services*****XX*1154407492~
DTM*232*20130725~
DTM*233*20130725~
DTM*050*20130801~
AMT*AU*126.08~
SVC*HC:T1019*126.08*126.08*0572*32~
DTM*472*20130725~
AMT*B6*126.08~
CLP*2526030012011861*1*126.08*126.08**16*0802201304013~
NM1*QC*1*Torres*Juanita****MI*GNT03848300~
NM1*82*2*Sunnyside Citywide Home Care Services*****XX*1154407492~
DTM*232*20130726~
DTM*233*20130726~
DTM*050*20130801~
AMT*AU*126.08~
SVC*HC:T1019*126.08*126.08*0572*32~
DTM*472*20130726~
AMT*B6*126.08~
CLP*2526050012012778*1*126.08*126.08**16*0802201304021~
NM1*QC*1*Troisi*Delia****MI*GNT06177500~
NM1*82*2*Sunnyside Citywide Home Care Services*****XX*1154407492~
DTM*232*20130720~
DTM*233*20130720~
DTM*050*20130801~
AMT*AU*126.08~
SVC*HC:T1019*126.08*126.08*0572*32~
DTM*472*20130720~
AMT*B6*126.08~
CLP*2526050012012778*1*126.08*126.08**16*0802201304022~
NM1*QC*1*Troisi*Delia****MI*GNT06177500~
NM1*82*2*Sunnyside Citywide Home Care Services*****XX*1154407492~
DTM*232*20130722~
DTM*233*20130722~
DTM*050*20130801~
AMT*AU*126.08~
SVC*HC:T1019*126.08*126.08*0572*32~
DTM*472*20130722~
AMT*B6*126.08~
CLP*2526050012012778*1*126.08*126.08**16*0802201304023~
NM1*QC*1*Troisi*Delia****MI*GNT06177500~
NM1*82*2*Sunnyside Citywide Home Care Services*****XX*1154407492~
DTM*232*20130723~
DTM*233*20130723~
DTM*050*20130801~
AMT*AU*126.08~
SVC*HC:T1019*126.08*126.08*0572*32~
DTM*472*20130723~
AMT*B6*126.08~
CLP*2526050012012778*1*126.08*126.08**16*0802201304024~
NM1*QC*1*Troisi*Delia****MI*GNT06177500~
NM1*82*2*Sunnyside Citywide Home Care Services*****XX*1154407492~
DTM*232*20130724~
DTM*233*20130724~
DTM*050*20130801~
AMT*AU*126.08~
SVC*HC:T1019*126.08*126.08*0572*32~
DTM*472*20130724~
AMT*B6*126.08~
CLP*2526050012012778*1*126.08*126.08**16*0802201304025~
NM1*QC*1*Troisi*Delia****MI*GNT06177500~
NM1*82*2*Sunnyside Citywide Home Care Services*****XX*1154407492~
DTM*232*20130725~
DTM*233*20130725~
DTM*050*20130801~
AMT*AU*126.08~
SVC*HC:T1019*126.08*126.08*0572*32~
DTM*472*20130725~
AMT*B6*126.08~
CLP*2526050012012778*1*126.08*126.08**16*0802201304026~
NM1*QC*1*Troisi*Delia****MI*GNT06177500~
NM1*82*2*Sunnyside Citywide Home Care Services*****XX*1154407492~
DTM*232*20130726~
DTM*233*20130726~
DTM*050*20130801~
AMT*AU*126.08~
SVC*HC:T1019*126.08*126.08*0572*32~
DTM*472*20130726~
AMT*B6*126.08~
CLP*2526060012011783*1*78.8*78.8**16*0802201304027~
NM1*QC*1*Vargas*Alcibiades****MI*GNT00492400~
NM1*82*2*Sunnyside Citywide Home Care Services*****XX*1154407492~
DTM*232*20130720~
DTM*233*20130720~
DTM*050*20130801~
AMT*AU*78.8~
SVC*HC:T1019*78.8*78.8*0572*20~
DTM*472*20130720~
AMT*B6*78.8~
CLP*2526060012011783*1*78.8*78.8**16*0802201304028~
NM1*QC*1*Vargas*Alcibiades****MI*GNT00492400~
NM1*82*2*Sunnyside Citywide Home Care Services*****XX*1154407492~
DTM*232*20130721~
DTM*233*20130721~
DTM*050*20130801~
AMT*AU*78.8~
SVC*HC:T1019*78.8*78.8*0572*20~
DTM*472*20130721~
AMT*B6*78.8~
CLP*2526060012011783*1*78.8*78.8**16*0802201304029~
NM1*QC*1*Vargas*Alcibiades****MI*GNT00492400~
NM1*82*2*Sunnyside Citywide Home Care Services*****XX*1154407492~
DTM*232*20130722~
DTM*233*20130722~
DTM*050*20130801~
AMT*AU*78.8~
SVC*HC:T1019*78.8*78.8*0572*20~
DTM*472*20130722~
AMT*B6*78.8~
CLP*2526060012011783*1*78.8*78.8**16*0802201304030~
NM1*QC*1*Vargas*Alcibiades****MI*GNT00492400~
NM1*82*2*Sunnyside Citywide Home Care Services*****XX*1154407492~
DTM*232*20130723~
DTM*233*20130723~
DTM*050*20130801~
AMT*AU*78.8~
SVC*HC:T1019*78.8*78.8*0572*20~
DTM*472*20130723~
AMT*B6*78.8~
CLP*2526060012011783*1*78.8*78.8**16*0802201304031~
NM1*QC*1*Vargas*Alcibiades****MI*GNT00492400~
NM1*82*2*Sunnyside Citywide Home Care Services*****XX*1154407492~
DTM*232*20130724~
DTM*233*20130724~
DTM*050*20130801~
AMT*AU*78.8~
SVC*HC:T1019*78.8*78.8*0572*20~
DTM*472*20130724~
AMT*B6*78.8~
CLP*2526060012011783*1*78.8*78.8**16*0802201304032~
NM1*QC*1*Vargas*Alcibiades****MI*GNT00492400~
NM1*82*2*Sunnyside Citywide Home Care Services*****XX*1154407492~
DTM*232*20130725~
DTM*233*20130725~
DTM*050*20130801~
AMT*AU*78.8~
SVC*HC:T1019*78.8*78.8*0572*20~
DTM*472*20130725~
AMT*B6*78.8~
CLP*2526060012011783*1*74.86*74.86**16*0802201304033~
NM1*QC*1*Vargas*Alcibiades****MI*GNT00492400~
NM1*82*2*Sunnyside Citywide Home Care Services*****XX*1154407492~
DTM*232*20130726~
DTM*233*20130726~
DTM*050*20130801~
AMT*AU*74.86~
SVC*HC:T1019*74.86*74.86*0572*19~
DTM*472*20130726~
AMT*B6*74.86~
CLP*2526070012012160*1*83.8*83.8**16*0802201304034~
NM1*QC*1*Vargas*Aurea****MI*GNT00267400~
NM1*82*2*Sunnyside Citywide Home Care Services*****XX*1154407492~
DTM*232*20130720~
DTM*233*20130720~
DTM*050*20130801~
AMT*AU*83.8~
SVC*HC:T1019:TT*83.8*83.8*0572*20~
DTM*472*20130720~
AMT*B6*83.8~
CLP*2526070012012160*1*83.8*83.8**16*0802201304035~
NM1*QC*1*Vargas*Aurea****MI*GNT00267400~
NM1*82*2*Sunnyside Citywide Home Care Services*****XX*1154407492~
DTM*232*20130721~
DTM*233*20130721~
DTM*050*20130801~
AMT*AU*83.8~
SVC*HC:T1019:TT*83.8*83.8*0572*20~
DTM*472*20130721~
AMT*B6*83.8~
CLP*2526070012012160*1*83.8*83.8**16*0802201304036~
NM1*QC*1*Vargas*Aurea****MI*GNT00267400~
NM1*82*2*Sunnyside Citywide Home Care Services*****XX*1154407492~
DTM*232*20130722~
DTM*233*20130722~
DTM*050*20130801~
AMT*AU*83.8~
SVC*HC:T1019:TT*83.8*83.8*0572*20~
DTM*472*20130722~
AMT*B6*83.8~
CLP*2526070012012160*1*83.8*83.8**16*0802201304037~
NM1*QC*1*Vargas*Aurea****MI*GNT00267400~
NM1*82*2*Sunnyside Citywide Home Care Services*****XX*1154407492~
DTM*232*20130723~
DTM*233*20130723~
DTM*050*20130801~
AMT*AU*83.8~
SVC*HC:T1019:TT*83.8*83.8*0572*20~
DTM*472*20130723~
AMT*B6*83.8~
CLP*2526070012012160*1*83.8*83.8**16*0802201304038~
NM1*QC*1*Vargas*Aurea****MI*GNT00267400~
NM1*82*2*Sunnyside Citywide Home Care Services*****XX*1154407492~
DTM*232*20130724~
DTM*233*20130724~
DTM*050*20130801~
AMT*AU*83.8~
SVC*HC:T1019:TT*83.8*83.8*0572*20~
DTM*472*20130724~
AMT*B6*83.8~
CLP*2526070012012160*1*83.8*83.8**16*0802201304039~
NM1*QC*1*Vargas*Aurea****MI*GNT00267400~
NM1*82*2*Sunnyside Citywide Home Care Services*****XX*1154407492~
DTM*232*20130725~
DTM*233*20130725~
DTM*050*20130801~
AMT*AU*83.8~
SVC*HC:T1019:TT*83.8*83.8*0572*20~
DTM*472*20130725~
AMT*B6*83.8~
CLP*2526070012012160*1*83.8*83.8**16*0802201304040~
NM1*QC*1*Vargas*Aurea****MI*GNT00267400~
NM1*82*2*Sunnyside Citywide Home Care Services*****XX*1154407492~
DTM*232*20130726~
DTM*233*20130726~
DTM*050*20130801~
AMT*AU*83.8~
SVC*HC:T1019:TT*83.8*83.8*0572*20~
DTM*472*20130726~
AMT*B6*83.8~
CLP*2526080012012168*1*63.04*63.04**16*0802201304041~
NM1*QC*1*Vazquez*Rosa****MI*GNT00268900~
NM1*82*2*Sunnyside Citywide Home Care Services*****XX*1154407492~
DTM*232*20130722~
DTM*233*20130722~
DTM*050*20130801~
AMT*AU*63.04~
SVC*HC:S5125*63.04*63.04*0572*16~
DTM*472*20130722~
AMT*B6*63.04~
CLP*2526080012012168*1*63.04*63.04**16*0802201304042~
NM1*QC*1*Vazquez*Rosa****MI*GNT00268900~
NM1*82*2*Sunnyside Citywide Home Care Services*****XX*1154407492~
DTM*232*20130723~
DTM*233*20130723~
DTM*050*20130801~
AMT*AU*63.04~
SVC*HC:S5125*63.04*63.04*0572*16~
DTM*472*20130723~
AMT*B6*63.04~
CLP*2526080012012168*1*63.04*63.04**16*0802201304043~
NM1*QC*1*Vazquez*Rosa****MI*GNT00268900~
NM1*82*2*Sunnyside Citywide Home Care Services*****XX*1154407492~
DTM*232*20130725~
DTM*233*20130725~
DTM*050*20130801~
AMT*AU*63.04~
SVC*HC:S5125*63.04*63.04*0572*16~
DTM*472*20130725~
AMT*B6*63.04~
CLP*2526080012012168*1*63.04*63.04**16*0802201304044~
NM1*QC*1*Vazquez*Rosa****MI*GNT00268900~
NM1*82*2*Sunnyside Citywide Home Care Services*****XX*1154407492~
DTM*232*20130726~
DTM*233*20130726~
DTM*050*20130801~
AMT*AU*63.04~
SVC*HC:S5125*63.04*63.04*0572*16~
DTM*472*20130726~
AMT*B6*63.04~
CLP*2526100012011862*1*78.8*78.8**16*0802201304052~
NM1*QC*1*Ventura*Daisy****MI*GNT04421500~
NM1*82*2*Sunnyside Citywide Home Care Services*****XX*1154407492~
DTM*232*20130722~
DTM*233*20130722~
DTM*050*20130801~
AMT*AU*78.8~
SVC*HC:T1019*78.8*78.8*0572*20~
DTM*472*20130722~
AMT*B6*78.8~
CLP*2526100012011862*1*78.8*78.8**16*0802201304053~
NM1*QC*1*Ventura*Daisy****MI*GNT04421500~
NM1*82*2*Sunnyside Citywide Home Care Services*****XX*1154407492~
DTM*232*20130723~
DTM*233*20130723~
DTM*050*20130801~
AMT*AU*78.8~
SVC*HC:T1019*78.8*78.8*0572*20~
DTM*472*20130723~
AMT*B6*78.8~
CLP*2526100012011862*1*78.8*78.8**16*0802201304054~
NM1*QC*1*Ventura*Daisy****MI*GNT04421500~
NM1*82*2*Sunnyside Citywide Home Care Services*****XX*1154407492~
DTM*232*20130724~
DTM*233*20130724~
DTM*050*20130801~
AMT*AU*78.8~
SVC*HC:T1019*78.8*78.8*0572*20~
DTM*472*20130724~
AMT*B6*78.8~
CLP*2526100012011862*1*78.8*78.8**16*0802201304055~
NM1*QC*1*Ventura*Daisy****MI*GNT04421500~
NM1*82*2*Sunnyside Citywide Home Care Services*****XX*1154407492~
DTM*232*20130725~
DTM*233*20130725~
DTM*050*20130801~
AMT*AU*78.8~
SVC*HC:T1019*78.8*78.8*0572*20~
DTM*472*20130725~
AMT*B6*78.8~
CLP*2526100012011862*1*78.8*78.8**16*0802201304056~
NM1*QC*1*Ventura*Daisy****MI*GNT04421500~
NM1*82*2*Sunnyside Citywide Home Care Services*****XX*1154407492~
DTM*232*20130726~
DTM*233*20130726~
DTM*050*20130801~
AMT*AU*78.8~
SVC*HC:T1019*78.8*78.8*0572*20~
DTM*472*20130726~
AMT*B6*78.8~
CLP*2526110012012091*1*78.8*78.8**16*0802201304057~
NM1*QC*1*Victorio*Roque****MI*GNT02618000~
NM1*82*2*Sunnyside Citywide Home Care Services*****XX*1154407492~
DTM*232*20130720~
DTM*233*20130720~
DTM*050*20130801~
AMT*AU*78.8~
SVC*HC:S5125*78.8*78.8*0572*20~
DTM*472*20130720~
AMT*B6*78.8~
CLP*2526110012012091*1*78.8*78.8**16*0802201304058~
NM1*QC*1*Victorio*Roque****MI*GNT02618000~
NM1*82*2*Sunnyside Citywide Home Care Services*****XX*1154407492~
DTM*232*20130721~
DTM*233*20130721~
DTM*050*20130801~
AMT*AU*78.8~
SVC*HC:S5125*78.8*78.8*0572*20~
DTM*472*20130721~
AMT*B6*78.8~
CLP*2526110012012091*1*173.36*173.36**16*0802201304059~
NM1*QC*1*Victorio*Roque****MI*GNT02618000~
NM1*82*2*Sunnyside Citywide Home Care Services*****XX*1154407492~
DTM*232*20130722~
DTM*233*20130722~
DTM*050*20130801~
AMT*AU*173.36~
SVC*HC:S5125*173.36*173.36*0572*44~
DTM*472*20130722~
AMT*B6*173.36~
CLP*2526110012012091*1*173.36*173.36**16*0802201304060~
NM1*QC*1*Victorio*Roque****MI*GNT02618000~
NM1*82*2*Sunnyside Citywide Home Care Services*****XX*1154407492~
DTM*232*20130723~
DTM*233*20130723~
DTM*050*20130801~
AMT*AU*173.36~
SVC*HC:S5125*173.36*173.36*0572*44~
DTM*472*20130723~
AMT*B6*173.36~
CLP*2526110012012091*1*173.36*173.36**16*0802201304061~
NM1*QC*1*Victorio*Roque****MI*GNT02618000~
NM1*82*2*Sunnyside Citywide Home Care Services*****XX*1154407492~
DTM*232*20130724~
DTM*233*20130724~
DTM*050*20130801~
AMT*AU*173.36~
SVC*HC:S5125*173.36*173.36*0572*44~
DTM*472*20130724~
AMT*B6*173.36~
CLP*2526110012012091*1*173.36*173.36**16*0802201304062~
NM1*QC*1*Victorio*Roque****MI*GNT02618000~
NM1*82*2*Sunnyside Citywide Home Care Services*****XX*1154407492~
DTM*232*20130725~
DTM*233*20130725~
DTM*050*20130801~
AMT*AU*173.36~
SVC*HC:S5125*173.36*173.36*0572*44~
DTM*472*20130725~
AMT*B6*173.36~
CLP*2526110012012091*1*173.36*173.36**16*0802201304063~
NM1*QC*1*Victorio*Roque****MI*GNT02618000~
NM1*82*2*Sunnyside Citywide Home Care Services*****XX*1154407492~
DTM*232*20130726~
DTM*233*20130726~
DTM*050*20130801~
AMT*AU*173.36~
SVC*HC:S5125*173.36*173.36*0572*44~
DTM*472*20130726~
AMT*B6*173.36~
CLP*2526120012008200*1*189.12*189.12**16*0802201304064~
NM1*QC*1*Vlahos*Marie****MI*GNT04780800~
NM1*82*2*Sunnyside Citywide Home Care Services*****XX*1154407492~
DTM*232*20130720~
DTM*233*20130720~
DTM*050*20130801~
AMT*AU*189.12~
SVC*HC:S5125*189.12*189.12*0572*48~
DTM*472*20130720~
AMT*B6*189.12~
CLP*2526120012008200*1*189.12*189.12**16*0802201304065~
NM1*QC*1*Vlahos*Marie****MI*GNT04780800~
NM1*82*2*Sunnyside Citywide Home Care Services*****XX*1154407492~
DTM*232*20130721~
DTM*233*20130721~
DTM*050*20130801~
AMT*AU*189.12~
SVC*HC:S5125*189.12*189.12*0572*48~
DTM*472*20130721~
AMT*B6*189.12~
CLP*2526120012008200*1*126.08*126.08**16*0802201304066~
NM1*QC*1*Vlahos*Marie****MI*GNT04780800~
NM1*82*2*Sunnyside Citywide Home Care Services*****XX*1154407492~
DTM*232*20130722~
DTM*233*20130722~
DTM*050*20130801~
AMT*AU*126.08~
SVC*HC:S5125*126.08*126.08*0572*32~
DTM*472*20130722~
AMT*B6*126.08~
CLP*2526120012008200*1*126.08*126.08**16*0802201304067~
NM1*QC*1*Vlahos*Marie****MI*GNT04780800~
NM1*82*2*Sunnyside Citywide Home Care Services*****XX*1154407492~
DTM*232*20130723~
DTM*233*20130723~
DTM*050*20130801~
AMT*AU*126.08~
SVC*HC:S5125*126.08*126.08*0572*32~
DTM*472*20130723~
AMT*B6*126.08~
CLP*2526120012008200*1*126.08*126.08**16*0802201304068~
NM1*QC*1*Vlahos*Marie****MI*GNT04780800~
NM1*82*2*Sunnyside Citywide Home Care Services*****XX*1154407492~
DTM*232*20130724~
DTM*233*20130724~
DTM*050*20130801~
AMT*AU*126.08~
SVC*HC:S5125*126.08*126.08*0572*32~
DTM*472*20130724~
AMT*B6*126.08~
CLP*2526120012008200*1*126.08*126.08**16*0802201304069~
NM1*QC*1*Vlahos*Marie****MI*GNT04780800~
NM1*82*2*Sunnyside Citywide Home Care Services*****XX*1154407492~
DTM*232*20130725~
DTM*233*20130725~
DTM*050*20130801~
AMT*AU*126.08~
SVC*HC:S5125*126.08*126.08*0572*32~
DTM*472*20130725~
AMT*B6*126.08~
CLP*2526120012008200*1*126.08*126.08**16*0802201304070~
NM1*QC*1*Vlahos*Marie****MI*GNT04780800~
NM1*82*2*Sunnyside Citywide Home Care Services*****XX*1154407492~
DTM*232*20130726~
DTM*233*20130726~
DTM*050*20130801~
AMT*AU*126.08~
SVC*HC:S5125*126.08*126.08*0572*32~
DTM*472*20130726~
AMT*B6*126.08~
CLP*2526140012008892*1*63.04*63.04**16*0802201304076~
NM1*QC*1*Weisz*Klara****MI*GNT04606900~
NM1*82*2*Sunnyside Citywide Home Care Services*****XX*1154407492~
DTM*232*20130722~
DTM*233*20130722~
DTM*050*20130801~
AMT*AU*63.04~
SVC*HC:S5125*63.04*63.04*0572*16~
DTM*472*20130722~
AMT*B6*63.04~
CLP*2526140012008892*1*63.04*63.04**16*0802201304077~
NM1*QC*1*Weisz*Klara****MI*GNT04606900~
NM1*82*2*Sunnyside Citywide Home Care Services*****XX*1154407492~
DTM*232*20130724~
DTM*233*20130724~
DTM*050*20130801~
AMT*AU*63.04~
SVC*HC:S5125*63.04*63.04*0572*16~
DTM*472*20130724~
AMT*B6*63.04~
CLP*2526150012009618*1*63.04*63.04**16*0802201304078~
NM1*QC*1*West*Baldwin****MI*GNT05953700~
NM1*82*2*Sunnyside Citywide Home Care Services*****XX*1154407492~
DTM*232*20130722~
DTM*233*20130722~
DTM*050*20130801~
AMT*AU*63.04~
SVC*HC:T1019*63.04*63.04*0572*16~
DTM*472*20130722~
AMT*B6*63.04~
CLP*2526150012009618*1*63.04*63.04**16*0802201304079~
NM1*QC*1*West*Baldwin****MI*GNT05953700~
NM1*82*2*Sunnyside Citywide Home Care Services*****XX*1154407492~
DTM*232*20130723~
DTM*233*20130723~
DTM*050*20130801~
AMT*AU*63.04~
SVC*HC:T1019*63.04*63.04*0572*16~
DTM*472*20130723~
AMT*B6*63.04~
CLP*2526150012009618*1*63.04*63.04**16*0802201304080~
NM1*QC*1*West*Baldwin****MI*GNT05953700~
NM1*82*2*Sunnyside Citywide Home Care Services*****XX*1154407492~
DTM*232*20130724~
DTM*233*20130724~
DTM*050*20130801~
AMT*AU*63.04~
SVC*HC:T1019*63.04*63.04*0572*16~
DTM*472*20130724~
AMT*B6*63.04~
CLP*2526150012009618*1*63.04*63.04**16*0802201304081~
NM1*QC*1*West*Baldwin****MI*GNT05953700~
NM1*82*2*Sunnyside Citywide Home Care Services*****XX*1154407492~
DTM*232*20130725~
DTM*233*20130725~
DTM*050*20130801~
AMT*AU*63.04~
SVC*HC:T1019*63.04*63.04*0572*16~
DTM*472*20130725~
AMT*B6*63.04~
CLP*2526150012009618*1*63.04*63.04**16*0802201304082~
NM1*QC*1*West*Baldwin****MI*GNT05953700~
NM1*82*2*Sunnyside Citywide Home Care Services*****XX*1154407492~
DTM*232*20130726~
DTM*233*20130726~
DTM*050*20130801~
AMT*AU*63.04~
SVC*HC:T1019*63.04*63.04*0572*16~
DTM*472*20130726~
AMT*B6*63.04~
CLP*2526160012003177*1*63.04*63.04**16*0802201304083~
NM1*QC*1*Whitley*Myrna****MI*GNT04373700~
NM1*82*2*Sunnyside Citywide Home Care Services*****XX*1154407492~
DTM*232*20130722~
DTM*233*20130722~
DTM*050*20130801~
AMT*AU*63.04~
SVC*HC:T1019*63.04*63.04*0572*16~
DTM*472*20130722~
AMT*B6*63.04~
CLP*2526160012003177*1*63.04*63.04**16*0802201304084~
NM1*QC*1*Whitley*Myrna****MI*GNT04373700~
NM1*82*2*Sunnyside Citywide Home Care Services*****XX*1154407492~
DTM*232*20130723~
DTM*233*20130723~
DTM*050*20130801~
AMT*AU*63.04~
SVC*HC:T1019*63.04*63.04*0572*16~
DTM*472*20130723~
AMT*B6*63.04~
CLP*2526160012003177*1*63.04*63.04**16*0802201304085~
NM1*QC*1*Whitley*Myrna****MI*GNT04373700~
NM1*82*2*Sunnyside Citywide Home Care Services*****XX*1154407492~
DTM*232*20130724~
DTM*233*20130724~
DTM*050*20130801~
AMT*AU*63.04~
SVC*HC:T1019*63.04*63.04*0572*16~
DTM*472*20130724~
AMT*B6*63.04~
CLP*2526160012003177*1*63.04*63.04**16*0802201304086~
NM1*QC*1*Whitley*Myrna****MI*GNT04373700~
NM1*82*2*Sunnyside Citywide Home Care Services*****XX*1154407492~
DTM*232*20130725~
DTM*233*20130725~
DTM*050*20130801~
AMT*AU*63.04~
SVC*HC:T1019*63.04*63.04*0572*16~
DTM*472*20130725~
AMT*B6*63.04~
CLP*2526160012003177*1*63.04*63.04**16*0802201304087~
NM1*QC*1*Whitley*Myrna****MI*GNT04373700~
NM1*82*2*Sunnyside Citywide Home Care Services*****XX*1154407492~
DTM*232*20130726~
DTM*233*20130726~
DTM*050*20130801~
AMT*AU*63.04~
SVC*HC:T1019*63.04*63.04*0572*16~
DTM*472*20130726~
AMT*B6*63.04~
CLP*2526170012006152*1*63.04*63.04**16*0802201304088~
NM1*QC*1*Yi*Carlos****MI*GNT04057700~
NM1*82*2*Sunnyside Citywide Home Care Services*****XX*1154407492~
DTM*232*20130720~
DTM*233*20130720~
DTM*050*20130801~
AMT*AU*63.04~
SVC*HC:S5125*63.04*63.04*0572*16~
DTM*472*20130720~
AMT*B6*63.04~
CLP*2526170012006152*1*63.04*63.04**16*0802201304089~
NM1*QC*1*Yi*Carlos****MI*GNT04057700~
NM1*82*2*Sunnyside Citywide Home Care Services*****XX*1154407492~
DTM*232*20130722~
DTM*233*20130722~
DTM*050*20130801~
AMT*AU*63.04~
SVC*HC:S5125*63.04*63.04*0572*16~
DTM*472*20130722~
AMT*B6*63.04~
CLP*2526170012006152*1*63.04*63.04**16*0802201304090~
NM1*QC*1*Yi*Carlos****MI*GNT04057700~
NM1*82*2*Sunnyside Citywide Home Care Services*****XX*1154407492~
DTM*232*20130723~
DTM*233*20130723~
DTM*050*20130801~
AMT*AU*63.04~
SVC*HC:S5125*63.04*63.04*0572*16~
DTM*472*20130723~
AMT*B6*63.04~
CLP*2526170012006152*1*63.04*63.04**16*0802201304091~
NM1*QC*1*Yi*Carlos****MI*GNT04057700~
NM1*82*2*Sunnyside Citywide Home Care Services*****XX*1154407492~
DTM*232*20130724~
DTM*233*20130724~
DTM*050*20130801~
AMT*AU*63.04~
SVC*HC:S5125*63.04*63.04*0572*16~
DTM*472*20130724~
AMT*B6*63.04~
CLP*2526170012006152*1*63.04*63.04**16*0802201304092~
NM1*QC*1*Yi*Carlos****MI*GNT04057700~
NM1*82*2*Sunnyside Citywide Home Care Services*****XX*1154407492~
DTM*232*20130725~
DTM*233*20130725~
DTM*050*20130801~
AMT*AU*63.04~
SVC*HC:S5125*63.04*63.04*0572*16~
DTM*472*20130725~
AMT*B6*63.04~
CLP*2526170012006152*1*63.04*63.04**16*0802201304093~
NM1*QC*1*Yi*Carlos****MI*GNT04057700~
NM1*82*2*Sunnyside Citywide Home Care Services*****XX*1154407492~
DTM*232*20130726~
DTM*233*20130726~
DTM*050*20130801~
AMT*AU*63.04~
SVC*HC:S5125*63.04*63.04*0572*16~
DTM*472*20130726~
AMT*B6*63.04~
CLP*2526180012013639*1*63.04*63.04**16*0802201304094~
NM1*QC*1*Younus*Mohammad****MI*GNT07273500~
NM1*82*2*Sunnyside Citywide Home Care Services*****XX*1154407492~
DTM*232*20130723~
DTM*233*20130723~
DTM*050*20130801~
AMT*AU*63.04~
SVC*HC:S5125*63.04*63.04*0572*16~
DTM*472*20130723~
AMT*B6*63.04~
CLP*2526190012011846*1*126.08*126.08**16*0802201304095~
NM1*QC*1*Zaragoza*Isabel****MI*GNT06005500~
NM1*82*2*Sunnyside Citywide Home Care Services*****XX*1154407492~
DTM*232*20130722~
DTM*233*20130722~
DTM*050*20130801~
AMT*AU*126.08~
SVC*HC:S5125*126.08*126.08*0572*32~
DTM*472*20130722~
AMT*B6*126.08~
CLP*2526190012011846*1*126.08*126.08**16*0802201304096~
NM1*QC*1*Zaragoza*Isabel****MI*GNT06005500~
NM1*82*2*Sunnyside Citywide Home Care Services*****XX*1154407492~
DTM*232*20130723~
DTM*233*20130723~
DTM*050*20130801~
AMT*AU*126.08~
SVC*HC:S5125*126.08*126.08*0572*32~
DTM*472*20130723~
AMT*B6*126.08~
CLP*2526190012011846*1*126.08*126.08**16*0802201304097~
NM1*QC*1*Zaragoza*Isabel****MI*GNT06005500~
NM1*82*2*Sunnyside Citywide Home Care Services*****XX*1154407492~
DTM*232*20130724~
DTM*233*20130724~
DTM*050*20130801~
AMT*AU*126.08~
SVC*HC:S5125*126.08*126.08*0572*32~
DTM*472*20130724~
AMT*B6*126.08~
CLP*2526190012011846*1*126.08*126.08**16*0802201304098~
NM1*QC*1*Zaragoza*Isabel****MI*GNT06005500~
NM1*82*2*Sunnyside Citywide Home Care Services*****XX*1154407492~
DTM*232*20130725~
DTM*233*20130725~
DTM*050*20130801~
AMT*AU*126.08~
SVC*HC:S5125*126.08*126.08*0572*32~
DTM*472*20130725~
AMT*B6*126.08~
CLP*2526190012011846*1*126.08*126.08**16*0802201304099~
NM1*QC*1*Zaragoza*Isabel****MI*GNT06005500~
NM1*82*2*Sunnyside Citywide Home Care Services*****XX*1154407492~
DTM*232*20130726~
DTM*233*20130726~
DTM*050*20130801~
AMT*AU*126.08~
SVC*HC:S5125*126.08*126.08*0572*32~
DTM*472*20130726~
AMT*B6*126.08~
CLP*2526200012011750*1*94.56*94.56**16*0802201304101~
NM1*QC*1*Zare*Gloria****MI*GNT03716600~
NM1*82*2*Sunnyside Citywide Home Care Services*****XX*1154407492~
DTM*232*20130720~
DTM*233*20130720~
DTM*050*20130801~
AMT*AU*94.56~
SVC*HC:S5125*94.56*94.56*0572*24~
DTM*472*20130720~
AMT*B6*94.56~
CLP*2526200012011750*1*110.32*110.32**16*0802201304102~
NM1*QC*1*Zare*Gloria****MI*GNT03716600~
NM1*82*2*Sunnyside Citywide Home Care Services*****XX*1154407492~
DTM*232*20130721~
DTM*233*20130721~
DTM*050*20130801~
AMT*AU*110.32~
SVC*HC:S5125*110.32*110.32*0572*28~
DTM*472*20130721~
AMT*B6*110.32~
CLP*2526200012011750*1*126.08*126.08**16*0802201304103~
NM1*QC*1*Zare*Gloria****MI*GNT03716600~
NM1*82*2*Sunnyside Citywide Home Care Services*****XX*1154407492~
DTM*232*20130722~
DTM*233*20130722~
DTM*050*20130801~
AMT*AU*126.08~
SVC*HC:S5125*126.08*126.08*0572*32~
DTM*472*20130722~
AMT*B6*126.08~
CLP*2526200012011750*1*126.08*126.08**16*0802201304104~
NM1*QC*1*Zare*Gloria****MI*GNT03716600~
NM1*82*2*Sunnyside Citywide Home Care Services*****XX*1154407492~
DTM*232*20130723~
DTM*233*20130723~
DTM*050*20130801~
AMT*AU*126.08~
SVC*HC:S5125*126.08*126.08*0572*32~
DTM*472*20130723~
AMT*B6*126.08~
CLP*2526200012011750*1*126.08*126.08**16*0802201304105~
NM1*QC*1*Zare*Gloria****MI*GNT03716600~
NM1*82*2*Sunnyside Citywide Home Care Services*****XX*1154407492~
DTM*232*20130724~
DTM*233*20130724~
DTM*050*20130801~
AMT*AU*126.08~
SVC*HC:S5125*126.08*126.08*0572*32~
DTM*472*20130724~
AMT*B6*126.08~
CLP*2526200012011750*1*126.08*126.08**16*0802201304106~
NM1*QC*1*Zare*Gloria****MI*GNT03716600~
NM1*82*2*Sunnyside Citywide Home Care Services*****XX*1154407492~
DTM*232*20130725~
DTM*233*20130725~
DTM*050*20130801~
AMT*AU*126.08~
SVC*HC:S5125*126.08*126.08*0572*32~
DTM*472*20130725~
AMT*B6*126.08~
CLP*2526200012011750*1*126.08*126.08**16*0802201304107~
NM1*QC*1*Zare*Gloria****MI*GNT03716600~
NM1*82*2*Sunnyside Citywide Home Care Services*****XX*1154407492~
DTM*232*20130726~
DTM*233*20130726~
DTM*050*20130801~
AMT*AU*126.08~
SVC*HC:S5125*126.08*126.08*0572*32~
DTM*472*20130726~
AMT*B6*126.08~
CLP*2526210011999328*1*110.32*110.32**16*0802201304108~
NM1*QC*1*Zumaeta*Fanny****MI*GNT03663500~
NM1*82*2*Sunnyside Citywide Home Care Services*****XX*1154407492~
DTM*232*20130720~
DTM*233*20130720~
DTM*050*20130801~
AMT*AU*110.32~
SVC*HC:T1019*110.32*110.32*0572*28~
DTM*472*20130720~
AMT*B6*110.32~
CLP*2526210011999328*1*110.32*110.32**16*0802201304109~
NM1*QC*1*Zumaeta*Fanny****MI*GNT03663500~
NM1*82*2*Sunnyside Citywide Home Care Services*****XX*1154407492~
DTM*232*20130721~
DTM*233*20130721~
DTM*050*20130801~
AMT*AU*110.32~
SVC*HC:T1019*110.32*110.32*0572*28~
DTM*472*20130721~
AMT*B6*110.32~
CLP*2526210011999328*1*157.6*157.6**16*0802201304110~
NM1*QC*1*Zumaeta*Fanny****MI*GNT03663500~
NM1*82*2*Sunnyside Citywide Home Care Services*****XX*1154407492~
DTM*232*20130722~
DTM*233*20130722~
DTM*050*20130801~
AMT*AU*157.6~
SVC*HC:T1019*157.6*157.6*0572*40~
DTM*472*20130722~
AMT*B6*157.6~
CLP*2526210011999328*1*157.6*157.6**16*0802201304111~
NM1*QC*1*Zumaeta*Fanny****MI*GNT03663500~
NM1*82*2*Sunnyside Citywide Home Care Services*****XX*1154407492~
DTM*232*20130723~
DTM*233*20130723~
DTM*050*20130801~
AMT*AU*157.6~
SVC*HC:T1019*157.6*157.6*0572*40~
DTM*472*20130723~
AMT*B6*157.6~
CLP*2526210011999328*1*157.6*157.6**16*0802201304112~
NM1*QC*1*Zumaeta*Fanny****MI*GNT03663500~
NM1*82*2*Sunnyside Citywide Home Care Services*****XX*1154407492~
DTM*232*20130724~
DTM*233*20130724~
DTM*050*20130801~
AMT*AU*157.6~
SVC*HC:T1019*157.6*157.6*0572*40~
DTM*472*20130724~
AMT*B6*157.6~
CLP*2526210011999328*1*157.6*157.6**16*0802201304113~
NM1*QC*1*Zumaeta*Fanny****MI*GNT03663500~
NM1*82*2*Sunnyside Citywide Home Care Services*****XX*1154407492~
DTM*232*20130725~
DTM*233*20130725~
DTM*050*20130801~
AMT*AU*157.6~
SVC*HC:T1019*157.6*157.6*0572*40~
DTM*472*20130725~
AMT*B6*157.6~
CLP*2526210011999328*1*157.6*157.6**16*0802201304114~
NM1*QC*1*Zumaeta*Fanny****MI*GNT03663500~
NM1*82*2*Sunnyside Citywide Home Care Services*****XX*1154407492~
DTM*232*20130726~
DTM*233*20130726~
DTM*050*20130801~
AMT*AU*157.6~
SVC*HC:T1019*157.6*157.6*0572*40~
DTM*472*20130726~
AMT*B6*157.6~
LX*4~
CLP*2487080012011036*1*78.8*78.8**16*0703201370208~
NM1*QC*1*Massol*Pedro Antonio****MI*GNT04564600~
NM1*82*2*Sunnyside Citywide Home Care Services*****XX*1154407492~
DTM*232*20130625~
DTM*233*20130625~
DTM*050*20130816~
AMT*AU*78.8~
SVC*HC:S5125*78.8*78.8*0572*20~
DTM*472*20130625~
AMT*B6*78.8~
LX*5~
CLP*2516630012011957*1*200*200**16*0725201301112~
NM1*QC*1*Marrero*Phillip****MI*GNT00157200~
NM1*82*2*Sunnyside Citywide Home Care Services*****XX*1154407492~
DTM*232*20130713~
DTM*233*20130713~
DTM*050*20130725~
AMT*AU*200~
SVC*HC:S5126*200*200*0572*1~
DTM*472*20130713~
AMT*B6*200~
CLP*2516630012011957*1*200*200**16*0725201301113~
NM1*QC*1*Marrero*Phillip****MI*GNT00157200~
NM1*82*2*Sunnyside Citywide Home Care Services*****XX*1154407492~
DTM*232*20130714~
DTM*233*20130714~
DTM*050*20130725~
AMT*AU*200~
SVC*HC:S5126*200*200*0572*1~
DTM*472*20130714~
AMT*B6*200~
CLP*2516630012011957*1*200*200**16*0725201301114~
NM1*QC*1*Marrero*Phillip****MI*GNT00157200~
NM1*82*2*Sunnyside Citywide Home Care Services*****XX*1154407492~
DTM*232*20130715~
DTM*233*20130715~
DTM*050*20130725~
AMT*AU*200~
SVC*HC:S5126*200*200*0572*1~
DTM*472*20130715~
AMT*B6*200~
CLP*2516630012011957*1*200*200**16*0725201301115~
NM1*QC*1*Marrero*Phillip****MI*GNT00157200~
NM1*82*2*Sunnyside Citywide Home Care Services*****XX*1154407492~
DTM*232*20130716~
DTM*233*20130716~
DTM*050*20130725~
AMT*AU*200~
SVC*HC:S5126*200*200*0572*1~
DTM*472*20130716~
AMT*B6*200~
CLP*2516630012011957*1*200*200**16*0725201301116~
NM1*QC*1*Marrero*Phillip****MI*GNT00157200~
NM1*82*2*Sunnyside Citywide Home Care Services*****XX*1154407492~
DTM*232*20130717~
DTM*233*20130717~
DTM*050*20130725~
AMT*AU*200~
SVC*HC:S5126*200*200*0572*1~
DTM*472*20130717~
AMT*B6*200~
CLP*2516630012011957*1*200*200**16*0725201301117~
NM1*QC*1*Marrero*Phillip****MI*GNT00157200~
NM1*82*2*Sunnyside Citywide Home Care Services*****XX*1154407492~
DTM*232*20130718~
DTM*233*20130718~
DTM*050*20130725~
AMT*AU*200~
SVC*HC:S5126*200*200*0572*1~
DTM*472*20130718~
AMT*B6*200~
CLP*2516630012011957*1*200*200**16*0725201301118~
NM1*QC*1*Marrero*Phillip****MI*GNT00157200~
NM1*82*2*Sunnyside Citywide Home Care Services*****XX*1154407492~
DTM*232*20130719~
DTM*233*20130719~
DTM*050*20130725~
AMT*AU*200~
SVC*HC:S5126*200*200*0572*1~
DTM*472*20130719~
AMT*B6*200~
CLP*2517040012011847*1*126.08*126.08**16*0725201301344~
NM1*QC*1*Ramos*Cecilia****MI*GNT00206000~
NM1*82*2*Sunnyside Citywide Home Care Services*****XX*1154407492~
DTM*232*20130714~
DTM*233*20130714~
DTM*050*20130725~
AMT*AU*126.08~
SVC*HC:S5125*126.08*126.08*0572*32~
DTM*472*20130714~
AMT*B6*126.08~
CLP*2517040012011847*1*157.6*157.6**16*0725201301345~
NM1*QC*1*Ramos*Cecilia****MI*GNT00206000~
NM1*82*2*Sunnyside Citywide Home Care Services*****XX*1154407492~
DTM*232*20130715~
DTM*233*20130715~
DTM*050*20130725~
AMT*AU*157.6~
SVC*HC:S5125*157.6*157.6*0572*40~
DTM*472*20130715~
AMT*B6*157.6~
CLP*2517040012011847*1*157.6*157.6**16*0725201301346~
NM1*QC*1*Ramos*Cecilia****MI*GNT00206000~
NM1*82*2*Sunnyside Citywide Home Care Services*****XX*1154407492~
DTM*232*20130716~
DTM*233*20130716~
DTM*050*20130725~
AMT*AU*157.6~
SVC*HC:S5125*157.6*157.6*0572*40~
DTM*472*20130716~
AMT*B6*157.6~
CLP*2517040012011847*1*157.6*157.6**16*0725201301347~
NM1*QC*1*Ramos*Cecilia****MI*GNT00206000~
NM1*82*2*Sunnyside Citywide Home Care Services*****XX*1154407492~
DTM*232*20130717~
DTM*233*20130717~
DTM*050*20130725~
AMT*AU*157.6~
SVC*HC:S5125*157.6*157.6*0572*40~
DTM*472*20130717~
AMT*B6*157.6~
CLP*2517040012011847*1*157.6*157.6**16*0725201301348~
NM1*QC*1*Ramos*Cecilia****MI*GNT00206000~
NM1*82*2*Sunnyside Citywide Home Care Services*****XX*1154407492~
DTM*232*20130718~
DTM*233*20130718~
DTM*050*20130725~
AMT*AU*157.6~
SVC*HC:S5125*157.6*157.6*0572*40~
DTM*472*20130718~
AMT*B6*157.6~
CLP*2517040012011847*1*157.6*157.6**16*0725201301349~
NM1*QC*1*Ramos*Cecilia****MI*GNT00206000~
NM1*82*2*Sunnyside Citywide Home Care Services*****XX*1154407492~
DTM*232*20130719~
DTM*233*20130719~
DTM*050*20130725~
AMT*AU*157.6~
SVC*HC:S5125*157.6*157.6*0572*40~
DTM*472*20130719~
AMT*B6*157.6~
CLP*2517450012011783*1*78.8*78.8**16*0725201301579~
NM1*QC*1*Vargas*Alcibiades****MI*GNT00492400~
NM1*82*2*Sunnyside Citywide Home Care Services*****XX*1154407492~
DTM*232*20130713~
DTM*233*20130713~
DTM*050*20130725~
AMT*AU*78.8~
SVC*HC:T1019*78.8*78.8*0572*20~
DTM*472*20130713~
AMT*B6*78.8~
CLP*2517450012011783*1*78.8*78.8**16*0725201301580~
NM1*QC*1*Vargas*Alcibiades****MI*GNT00492400~
NM1*82*2*Sunnyside Citywide Home Care Services*****XX*1154407492~
DTM*232*20130714~
DTM*233*20130714~
DTM*050*20130725~
AMT*AU*78.8~
SVC*HC:T1019*78.8*78.8*0572*20~
DTM*472*20130714~
AMT*B6*78.8~
CLP*2517450012011783*1*78.8*78.8**16*0725201301581~
NM1*QC*1*Vargas*Alcibiades****MI*GNT00492400~
NM1*82*2*Sunnyside Citywide Home Care Services*****XX*1154407492~
DTM*232*20130715~
DTM*233*20130715~
DTM*050*20130725~
AMT*AU*78.8~
SVC*HC:T1019*78.8*78.8*0572*20~
DTM*472*20130715~
AMT*B6*78.8~
CLP*2517450012011783*1*78.8*78.8**16*0725201301582~
NM1*QC*1*Vargas*Alcibiades****MI*GNT00492400~
NM1*82*2*Sunnyside Citywide Home Care Services*****XX*1154407492~
DTM*232*20130716~
DTM*233*20130716~
DTM*050*20130725~
AMT*AU*78.8~
SVC*HC:T1019*78.8*78.8*0572*20~
DTM*472*20130716~
AMT*B6*78.8~
CLP*2517450012011783*1*78.8*78.8**16*0725201301583~
NM1*QC*1*Vargas*Alcibiades****MI*GNT00492400~
NM1*82*2*Sunnyside Citywide Home Care Services*****XX*1154407492~
DTM*232*20130717~
DTM*233*20130717~
DTM*050*20130725~
AMT*AU*78.8~
SVC*HC:T1019*78.8*78.8*0572*20~
DTM*472*20130717~
AMT*B6*78.8~
CLP*2517450012011783*1*78.8*78.8**16*0725201301584~
NM1*QC*1*Vargas*Alcibiades****MI*GNT00492400~
NM1*82*2*Sunnyside Citywide Home Care Services*****XX*1154407492~
DTM*232*20130719~
DTM*233*20130719~
DTM*050*20130725~
AMT*AU*78.8~
SVC*HC:T1019*78.8*78.8*0572*20~
DTM*472*20130719~
AMT*B6*78.8~
SE*9403*00001~
GE*1*1~
IEA*1*000172236~
