ISA*00*          *00*          *ZZ*GUILDNET       *ZZ*SUNNYSIDEGN    *130827*0856*^*00501*000173091*0*P*:~GS*HP*GUILDNET*SUNNYSIDEGN*20130827*0856*1*X*005010X221A1~ST*835*00001~BPR*I*7852.04*C*CHK************20130829~TRN*1*215740*1999999999~DTM*405*20130827~N1*PR*GuildNet Gold Medicare Advantage SNP*XV*H6864~N3*15 West 65th St.~N4*New York*NY*10023~PER*CX*Geri Taylor*TE*2127697857~PER*BL*Geri Taylor*TE*2127697857~N1*PE*Sunnyside Citywide Home*FI*113502051~N3*43-31 39th Street~N4*Sunnyside*NY*11104~LX*1~CLP*2535970012006118*1*94.56*94.56**16*0809201303701~NM1*QC*1*Ali*Amrunissa****MI*93703296700~NM1*82*2*Sunnyside Citywide Home Care Services*****XX*1154407492~DTM*232*20130727~DTM*233*20130727~DTM*050*20130807~AMT*AU*94.56~SVC*HC:S5125*94.56*94.56*0572*24~DTM*472*20130727~AMT*B6*94.56~CLP*2535970012006118*1*141.84*141.84**16*0809201303702~NM1*QC*1*Ali*Amrunissa****MI*93703296700~NM1*82*2*Sunnyside Citywide Home Care Services*****XX*1154407492~DTM*232*20130729~DTM*233*20130729~DTM*050*20130807~AMT*AU*141.84~SVC*HC:S5125*141.84*141.84*0572*36~DTM*472*20130729~AMT*B6*141.84~CLP*2535970012006118*1*141.84*141.84**16*0809201303703~NM1*QC*1*Ali*Amrunissa****MI*93703296700~NM1*82*2*Sunnyside Citywide Home Care Services*****XX*1154407492~DTM*232*20130730~DTM*233*20130730~DTM*050*20130807~AMT*AU*141.84~SVC*HC:S5125*141.84*141.84*0572*36~DTM*472*20130730~AMT*B6*141.84~CLP*2535970012006118*1*141.84*141.84**16*0809201303704~NM1*QC*1*Ali*Amrunissa****MI*93703296700~NM1*82*2*Sunnyside Citywide Home Care Services*****XX*1154407492~DTM*232*20130731~DTM*233*20130731~DTM*050*20130807~AMT*AU*141.84~SVC*HC:S5125*141.84*141.84*0572*36~DTM*472*20130731~AMT*B6*141.84~CLP*2535970012006118*1*141.84*141.84**16*0809201303705~NM1*QC*1*Ali*Amrunissa****MI*93703296700~NM1*82*2*Sunnyside Citywide Home Care Services*****XX*1154407492~DTM*232*20130801~DTM*233*20130801~DTM*050*20130807~AMT*AU*141.84~SVC*HC:S5125*141.84*141.84*0572*36~DTM*472*20130801~AMT*B6*141.84~CLP*2535970012006118*1*141.84*141.84**16*0809201303706~NM1*QC*1*Ali*Amrunissa****MI*93703296700~NM1*82*2*Sunnyside Citywide Home Care Services*****XX*1154407492~DTM*232*20130802~DTM*233*20130802~DTM*050*20130807~AMT*AU*141.84~SVC*HC:S5125*141.84*141.84*0572*36~DTM*472*20130802~AMT*B6*141.84~CLP*2536080012011960*1*70.92*70.92**16*0809201303746~NM1*QC*1*Bustamente*Gabriel****MI*93702523200~NM1*82*2*Sunnyside Citywide Home Care Services*****XX*1154407492~DTM*232*20130727~DTM*233*20130727~DTM*050*20130807~AMT*AU*70.92~SVC*HC:S5125*70.92*70.92*0572*18~DTM*472*20130727~AMT*B6*70.92~CLP*2536080012011960*1*78.8*78.8**16*0809201303747~NM1*QC*1*Bustamente*Gabriel****MI*93702523200~NM1*82*2*Sunnyside Citywide Home Care Services*****XX*1154407492~DTM*232*20130729~DTM*233*20130729~DTM*050*20130807~AMT*AU*78.8~SVC*HC:S5125*78.8*78.8*0572*20~DTM*472*20130729~AMT*B6*78.8~CLP*2536080012011960*1*78.8*78.8**16*0809201303748~NM1*QC*1*Bustamente*Gabriel****MI*93702523200~NM1*82*2*Sunnyside Citywide Home Care Services*****XX*1154407492~DTM*232*20130730~DTM*233*20130730~DTM*050*20130807~AMT*AU*78.8~SVC*HC:S5125*78.8*78.8*0572*20~DTM*472*20130730~AMT*B6*78.8~CLP*2536080012011960*1*78.8*78.8**16*0809201303749~NM1*QC*1*Bustamente*Gabriel****MI*93702523200~NM1*82*2*Sunnyside Citywide Home Care Services*****XX*1154407492~DTM*232*20130731~DTM*233*20130731~DTM*050*20130807~AMT*AU*78.8~SVC*HC:S5125*78.8*78.8*0572*20~DTM*472*20130731~AMT*B6*78.8~CLP*2536080012011960*1*78.8*78.8**16*0809201303750~NM1*QC*1*Bustamente*Gabriel****MI*93702523200~NM1*82*2*Sunnyside Citywide Home Care Services*****XX*1154407492~DTM*232*20130801~DTM*233*20130801~DTM*050*20130807~AMT*AU*78.8~SVC*HC:S5125*78.8*78.8*0572*20~DTM*472*20130801~AMT*B6*78.8~CLP*2536080012011960*1*78.8*78.8**16*0809201303751~NM1*QC*1*Bustamente*Gabriel****MI*93702523200~NM1*82*2*Sunnyside Citywide Home Care Services*****XX*1154407492~DTM*232*20130802~DTM*233*20130802~DTM*050*20130807~AMT*AU*78.8~SVC*HC:S5125*78.8*78.8*0572*20~DTM*472*20130802~AMT*B6*78.8~CLP*2536160012002769*1*94.56*94.56**16*0809201303788~NM1*QC*1*Cepeda*Tomasa****MI*93700964900~NM1*82*2*Sunnyside Citywide Home Care Services*****XX*1154407492~DTM*232*20130729~DTM*233*20130729~DTM*050*20130807~AMT*AU*94.56~SVC*HC:S5125*94.56*94.56*0572*24~DTM*472*20130729~AMT*B6*94.56~CLP*2536160012002769*1*94.56*94.56**16*0809201303789~NM1*QC*1*Cepeda*Tomasa****MI*93700964900~NM1*82*2*Sunnyside Citywide Home Care Services*****XX*1154407492~DTM*232*20130730~DTM*233*20130730~DTM*050*20130807~AMT*AU*94.56~SVC*HC:S5125*94.56*94.56*0572*24~DTM*472*20130730~AMT*B6*94.56~CLP*2536160012002769*1*94.56*94.56**16*0809201303790~NM1*QC*1*Cepeda*Tomasa****MI*93700964900~NM1*82*2*Sunnyside Citywide Home Care Services*****XX*1154407492~DTM*232*20130731~DTM*233*20130731~DTM*050*20130807~AMT*AU*94.56~SVC*HC:S5125*94.56*94.56*0572*24~DTM*472*20130731~AMT*B6*94.56~CLP*2536170012002769*1*78.8*78.8**16*0809201303791~NM1*QC*1*Cepeda*Tomasa****MI*93700964900~NM1*82*2*Sunnyside Citywide Home Care Services*****XX*1154407492~DTM*232*20130801~DTM*233*20130801~DTM*050*20130807~AMT*AU*78.8~SVC*HC:S5125*78.8*78.8*0572*20~DTM*472*20130801~AMT*B6*78.8~CLP*2536170012002769*1*78.8*78.8**16*0809201303792~NM1*QC*1*Cepeda*Tomasa****MI*93700964900~NM1*82*2*Sunnyside Citywide Home Care Services*****XX*1154407492~DTM*232*20130802~DTM*233*20130802~DTM*050*20130807~AMT*AU*78.8~SVC*HC:S5125*78.8*78.8*0572*20~DTM*472*20130802~AMT*B6*78.8~CLP*2536750012011848*1*63.04*63.04**16*0809201304072~NM1*QC*1*Lanzilotta*Rosa****MI*93702509600~NM1*82*2*Sunnyside Citywide Home Care Services*****XX*1154407492~DTM*232*20130720~DTM*233*20130720~DTM*050*20130807~AMT*AU*63.04~SVC*HC:S5125*63.04*63.04*0572*16~DTM*472*20130720~AMT*B6*63.04~CLP*2536750012011848*1*63.04*63.04**16*0809201304073~NM1*QC*1*Lanzilotta*Rosa****MI*93702509600~NM1*82*2*Sunnyside Citywide Home Care Services*****XX*1154407492~DTM*232*20130727~DTM*233*20130727~DTM*050*20130807~AMT*AU*63.04~SVC*HC:S5125*63.04*63.04*0572*16~DTM*472*20130727~AMT*B6*63.04~CLP*2536750012011848*1*63.04*63.04**16*0809201304074~NM1*QC*1*Lanzilotta*Rosa****MI*93702509600~NM1*82*2*Sunnyside Citywide Home Care Services*****XX*1154407492~DTM*232*20130728~DTM*233*20130728~DTM*050*20130807~AMT*AU*63.04~SVC*HC:S5125*63.04*63.04*0572*16~DTM*472*20130728~AMT*B6*63.04~CLP*2536750012011848*1*126.08*126.08**16*0809201304075~NM1*QC*1*Lanzilotta*Rosa****MI*93702509600~NM1*82*2*Sunnyside Citywide Home Care Services*****XX*1154407492~DTM*232*20130729~DTM*233*20130729~DTM*050*20130807~AMT*AU*126.08~SVC*HC:S5125*126.08*126.08*0572*32~DTM*472*20130729~AMT*B6*126.08~CLP*2536750012011848*1*126.08*126.08**16*0809201304076~NM1*QC*1*Lanzilotta*Rosa****MI*93702509600~NM1*82*2*Sunnyside Citywide Home Care Services*****XX*1154407492~DTM*232*20130730~DTM*233*20130730~DTM*050*20130807~AMT*AU*126.08~SVC*HC:S5125*126.08*126.08*0572*32~DTM*472*20130730~AMT*B6*126.08~CLP*2536750012011848*1*126.08*126.08**16*0809201304077~NM1*QC*1*Lanzilotta*Rosa****MI*93702509600~NM1*82*2*Sunnyside Citywide Home Care Services*****XX*1154407492~DTM*232*20130731~DTM*233*20130731~DTM*050*20130807~AMT*AU*126.08~SVC*HC:S5125*126.08*126.08*0572*32~DTM*472*20130731~AMT*B6*126.08~CLP*2536750012011848*1*126.08*126.08**16*0809201304078~NM1*QC*1*Lanzilotta*Rosa****MI*93702509600~NM1*82*2*Sunnyside Citywide Home Care Services*****XX*1154407492~DTM*232*20130801~DTM*233*20130801~DTM*050*20130807~AMT*AU*126.08~SVC*HC:S5125*126.08*126.08*0572*32~DTM*472*20130801~AMT*B6*126.08~CLP*2536750012011848*1*126.08*126.08**16*0809201304079~NM1*QC*1*Lanzilotta*Rosa****MI*93702509600~NM1*82*2*Sunnyside Citywide Home Care Services*****XX*1154407492~DTM*232*20130802~DTM*233*20130802~DTM*050*20130807~AMT*AU*126.08~SVC*HC:S5125*126.08*126.08*0572*32~DTM*472*20130802~AMT*B6*126.08~CLP*2536840012011845*1*63.04*63.04**16*0809201304118~NM1*QC*1*Lugo*Dolores****MI*93702878100~NM1*82*2*Sunnyside Citywide Home Care Services*****XX*1154407492~DTM*232*20130730~DTM*233*20130730~DTM*050*20130807~AMT*AU*63.04~SVC*HC:S5125*63.04*63.04*0572*16~DTM*472*20130730~AMT*B6*63.04~CLP*2536840012011845*1*63.04*63.04**16*0809201304119~NM1*QC*1*Lugo*Dolores****MI*93702878100~NM1*82*2*Sunnyside Citywide Home Care Services*****XX*1154407492~DTM*232*20130731~DTM*233*20130731~DTM*050*20130807~AMT*AU*63.04~SVC*HC:S5125*63.04*63.04*0572*16~DTM*472*20130731~AMT*B6*63.04~CLP*2536840012011845*1*63.04*63.04**16*0809201304120~NM1*QC*1*Lugo*Dolores****MI*93702878100~NM1*82*2*Sunnyside Citywide Home Care Services*****XX*1154407492~DTM*232*20130801~DTM*233*20130801~DTM*050*20130807~AMT*AU*63.04~SVC*HC:S5125*63.04*63.04*0572*16~DTM*472*20130801~AMT*B6*63.04~CLP*2536920012011965*1*94.56*94.56**16*0809201304162~NM1*QC*1*Mateo*Rafael****MI*93704189600~NM1*82*2*Sunnyside Citywide Home Care Services*****XX*1154407492~DTM*232*20130727~DTM*233*20130727~DTM*050*20130807~AMT*AU*94.56~SVC*HC:S5125*94.56*94.56*0572*24~DTM*472*20130727~AMT*B6*94.56~CLP*2536920012011965*1*110.32*110.32**16*0809201304163~NM1*QC*1*Mateo*Rafael****MI*93704189600~NM1*82*2*Sunnyside Citywide Home Care Services*****XX*1154407492~DTM*232*20130729~DTM*233*20130729~DTM*050*20130807~AMT*AU*110.32~SVC*HC:S5125*110.32*110.32*0572*28~DTM*472*20130729~AMT*B6*110.32~CLP*2536920012011965*1*110.32*110.32**16*0809201304164~NM1*QC*1*Mateo*Rafael****MI*93704189600~NM1*82*2*Sunnyside Citywide Home Care Services*****XX*1154407492~DTM*232*20130730~DTM*233*20130730~DTM*050*20130807~AMT*AU*110.32~SVC*HC:S5125*110.32*110.32*0572*28~DTM*472*20130730~AMT*B6*110.32~CLP*2536920012011965*1*110.32*110.32**16*0809201304165~NM1*QC*1*Mateo*Rafael****MI*93704189600~NM1*82*2*Sunnyside Citywide Home Care Services*****XX*1154407492~DTM*232*20130731~DTM*233*20130731~DTM*050*20130807~AMT*AU*110.32~SVC*HC:S5125*110.32*110.32*0572*28~DTM*472*20130731~AMT*B6*110.32~CLP*2536920012011965*4*110.32*0**16*0809201304166~NM1*QC*1*Mateo*Rafael****MI*93704189600~NM1*82*2*Sunnyside Citywide Home Care Services*****XX*1154407492~DTM*232*20130801~DTM*233*20130801~DTM*050*20130807~AMT*AU*110.32~SVC*HC:S5125*110.32*0*0572*0~DTM*472*20130801~CAS*OA*15*110.32~AMT*B6*110.32~CLP*2536920012011965*4*126.08*0**16*0809201304167~NM1*QC*1*Mateo*Rafael****MI*93704189600~NM1*82*2*Sunnyside Citywide Home Care Services*****XX*1154407492~DTM*232*20130802~DTM*233*20130802~DTM*050*20130807~AMT*AU*126.08~SVC*HC:S5125*126.08*0*0572*0~DTM*472*20130802~CAS*OA*15*126.08~AMT*B6*126.08~CLP*2537150012011916*1*110.32*110.32**16*0809201304263~NM1*QC*1*Ortiz*Anthony****MI*93700799800~NM1*82*2*Sunnyside Citywide Home Care Services*****XX*1154407492~DTM*232*20130727~DTM*233*20130727~DTM*050*20130807~AMT*AU*110.32~SVC*HC:S5125*110.32*110.32*0572*28~DTM*472*20130727~AMT*B6*110.32~CLP*2537150012011916*1*110.32*110.32**16*0809201304264~NM1*QC*1*Ortiz*Anthony****MI*93700799800~NM1*82*2*Sunnyside Citywide Home Care Services*****XX*1154407492~DTM*232*20130729~DTM*233*20130729~DTM*050*20130807~AMT*AU*110.32~SVC*HC:S5125*110.32*110.32*0572*28~DTM*472*20130729~AMT*B6*110.32~CLP*2537150012011916*1*110.32*110.32**16*0809201304265~NM1*QC*1*Ortiz*Anthony****MI*93700799800~NM1*82*2*Sunnyside Citywide Home Care Services*****XX*1154407492~DTM*232*20130730~DTM*233*20130730~DTM*050*20130807~AMT*AU*110.32~SVC*HC:S5125*110.32*110.32*0572*28~DTM*472*20130730~AMT*B6*110.32~CLP*2537150012011916*1*110.32*110.32**16*0809201304266~NM1*QC*1*Ortiz*Anthony****MI*93700799800~NM1*82*2*Sunnyside Citywide Home Care Services*****XX*1154407492~DTM*232*20130731~DTM*233*20130731~DTM*050*20130807~AMT*AU*110.32~SVC*HC:S5125*110.32*110.32*0572*28~DTM*472*20130731~AMT*B6*110.32~CLP*2537150012011916*4*110.32*0**16*0809201304267~NM1*QC*1*Ortiz*Anthony****MI*93700799800~NM1*82*2*Sunnyside Citywide Home Care Services*****XX*1154407492~DTM*232*20130801~DTM*233*20130801~DTM*050*20130807~AMT*AU*110.32~SVC*HC:S5125*110.32*0*0572*0~DTM*472*20130801~CAS*OA*15*110.32~AMT*B6*110.32~CLP*2537150012011916*4*110.32*0**16*0809201304268~NM1*QC*1*Ortiz*Anthony****MI*93700799800~NM1*82*2*Sunnyside Citywide Home Care Services*****XX*1154407492~DTM*232*20130802~DTM*233*20130802~DTM*050*20130807~AMT*AU*110.32~SVC*HC:S5125*110.32*0*0572*0~DTM*472*20130802~CAS*OA*15*110.32~AMT*B6*110.32~CLP*2537280012009232*1*94.56*94.56**16*0809201304329~NM1*QC*1*Perez*Maria****MI*93703475500~NM1*82*2*Sunnyside Citywide Home Care Services*****XX*1154407492~DTM*232*20130729~DTM*233*20130729~DTM*050*20130807~AMT*AU*94.56~SVC*HC:T1019*94.56*94.56*0572*24~DTM*472*20130729~AMT*B6*94.56~CLP*2537280012009232*1*94.56*94.56**16*0809201304330~NM1*QC*1*Perez*Maria****MI*93703475500~NM1*82*2*Sunnyside Citywide Home Care Services*****XX*1154407492~DTM*232*20130730~DTM*233*20130730~DTM*050*20130807~AMT*AU*94.56~SVC*HC:T1019*94.56*94.56*0572*24~DTM*472*20130730~AMT*B6*94.56~CLP*2537280012009232*1*94.56*94.56**16*0809201304331~NM1*QC*1*Perez*Maria****MI*93703475500~NM1*82*2*Sunnyside Citywide Home Care Services*****XX*1154407492~DTM*232*20130731~DTM*233*20130731~DTM*050*20130807~AMT*AU*94.56~SVC*HC:T1019*94.56*94.56*0572*24~DTM*472*20130731~AMT*B6*94.56~CLP*2537290012009232*1*94.56*94.56**16*0809201304332~NM1*QC*1*Perez*Maria****MI*93703475500~NM1*82*2*Sunnyside Citywide Home Care Services*****XX*1154407492~DTM*232*20130802~DTM*233*20130802~DTM*050*20130807~AMT*AU*94.56~SVC*HC:T1019*94.56*94.56*0572*24~DTM*472*20130802~AMT*B6*94.56~CLP*2537320012002109*1*83.8*83.8**16*0809201304340~NM1*QC*1*Proano*Alicia****MI*93700845900~NM1*82*2*Sunnyside Citywide Home Care Services*****XX*1154407492~DTM*232*20130727~DTM*233*20130727~DTM*050*20130807~AMT*AU*83.8~SVC*HC:S5125:TT*83.8*83.8*0572*20~DTM*472*20130727~AMT*B6*83.8~CLP*2537320012002109*1*83.8*83.8**16*0809201304341~NM1*QC*1*Proano*Alicia****MI*93700845900~NM1*82*2*Sunnyside Citywide Home Care Services*****XX*1154407492~DTM*232*20130728~DTM*233*20130728~DTM*050*20130807~AMT*AU*83.8~SVC*HC:S5125:TT*83.8*83.8*0572*20~DTM*472*20130728~AMT*B6*83.8~CLP*2537320012002109*1*75.42*75.42**16*0809201304342~NM1*QC*1*Proano*Alicia****MI*93700845900~NM1*82*2*Sunnyside Citywide Home Care Services*****XX*1154407492~DTM*232*20130729~DTM*233*20130729~DTM*050*20130807~AMT*AU*75.42~SVC*HC:S5125:TT*75.42*75.42*0572*18~DTM*472*20130729~AMT*B6*75.42~CLP*2537320012002109*1*75.42*75.42**16*0809201304343~NM1*QC*1*Proano*Alicia****MI*93700845900~NM1*82*2*Sunnyside Citywide Home Care Services*****XX*1154407492~DTM*232*20130730~DTM*233*20130730~DTM*050*20130807~AMT*AU*75.42~SVC*HC:S5125:TT*75.42*75.42*0572*18~DTM*472*20130730~AMT*B6*75.42~CLP*2537320012002109*1*83.8*83.8**16*0809201304344~NM1*QC*1*Proano*Alicia****MI*93700845900~NM1*82*2*Sunnyside Citywide Home Care Services*****XX*1154407492~DTM*232*20130731~DTM*233*20130731~DTM*050*20130807~AMT*AU*83.8~SVC*HC:S5125:TT*83.8*83.8*0572*20~DTM*472*20130731~AMT*B6*83.8~CLP*2537330012002109*1*83.8*83.8**16*0809201304345~NM1*QC*1*Proano*Alicia****MI*93700845900~NM1*82*2*Sunnyside Citywide Home Care Services*****XX*1154407492~DTM*232*20130801~DTM*233*20130801~DTM*050*20130807~AMT*AU*83.8~SVC*HC:S5125:TT*83.8*83.8*0572*20~DTM*472*20130801~AMT*B6*83.8~CLP*2537330012002109*1*83.8*83.8**16*0809201304346~NM1*QC*1*Proano*Alicia****MI*93700845900~NM1*82*2*Sunnyside Citywide Home Care Services*****XX*1154407492~DTM*232*20130802~DTM*233*20130802~DTM*050*20130807~AMT*AU*83.8~SVC*HC:S5125:TT*83.8*83.8*0572*20~DTM*472*20130802~AMT*B6*83.8~CLP*2537700012011859*1*110.32*110.32**16*0809201304512~NM1*QC*1*Santiago*Iveth****MI*93703401100~NM1*82*2*Sunnyside Citywide Home Care Services*****XX*1154407492~DTM*232*20130727~DTM*233*20130727~DTM*050*20130807~AMT*AU*110.32~SVC*HC:S5125*110.32*110.32*0572*28~DTM*472*20130727~AMT*B6*110.32~CLP*2537710012011788*1*67.04*67.04**16*0809201304513~NM1*QC*1*Santiago*Victorio****MI*93701469700~NM1*82*2*Sunnyside Citywide Home Care Services*****XX*1154407492~DTM*232*20130729~DTM*233*20130729~DTM*050*20130807~AMT*AU*67.04~SVC*HC:T1019:TT*67.04*67.04*0572*16~DTM*472*20130729~AMT*B6*67.04~CLP*2537710012011788*1*67.04*67.04**16*0809201304514~NM1*QC*1*Santiago*Victorio****MI*93701469700~NM1*82*2*Sunnyside Citywide Home Care Services*****XX*1154407492~DTM*232*20130730~DTM*233*20130730~DTM*050*20130807~AMT*AU*67.04~SVC*HC:T1019:TT*67.04*67.04*0572*16~DTM*472*20130730~AMT*B6*67.04~CLP*2537710012011788*1*67.04*67.04**16*0809201304515~NM1*QC*1*Santiago*Victorio****MI*93701469700~NM1*82*2*Sunnyside Citywide Home Care Services*****XX*1154407492~DTM*232*20130731~DTM*233*20130731~DTM*050*20130807~AMT*AU*67.04~SVC*HC:T1019:TT*67.04*67.04*0572*16~DTM*472*20130731~AMT*B6*67.04~CLP*2537710012011788*1*67.04*67.04**16*0809201304516~NM1*QC*1*Santiago*Victorio****MI*93701469700~NM1*82*2*Sunnyside Citywide Home Care Services*****XX*1154407492~DTM*232*20130801~DTM*233*20130801~DTM*050*20130807~AMT*AU*67.04~SVC*HC:T1019:TT*67.04*67.04*0572*16~DTM*472*20130801~AMT*B6*67.04~CLP*2537710012011788*1*67.04*67.04**16*0809201304517~NM1*QC*1*Santiago*Victorio****MI*93701469700~NM1*82*2*Sunnyside Citywide Home Care Services*****XX*1154407492~DTM*232*20130802~DTM*233*20130802~DTM*050*20130807~AMT*AU*67.04~SVC*HC:T1019:TT*67.04*67.04*0572*16~DTM*472*20130802~AMT*B6*67.04~CLP*2537780012013226*1*200*200**16*0809201304537~NM1*QC*1*Swaby*Clarence****MI*93704635800~NM1*82*2*Sunnyside Citywide Home Care Services*****XX*1154407492~DTM*232*20130727~DTM*233*20130727~DTM*050*20130807~AMT*AU*200~SVC*HC:T1020*200*200*0572*1~DTM*472*20130727~AMT*B6*200~CLP*2537780012013226*1*200*200**16*0809201304538~NM1*QC*1*Swaby*Clarence****MI*93704635800~NM1*82*2*Sunnyside Citywide Home Care Services*****XX*1154407492~DTM*232*20130728~DTM*233*20130728~DTM*050*20130807~AMT*AU*200~SVC*HC:T1020*200*200*0572*1~DTM*472*20130728~AMT*B6*200~CLP*2537780012013226*1*200*200**16*0809201304539~NM1*QC*1*Swaby*Clarence****MI*93704635800~NM1*82*2*Sunnyside Citywide Home Care Services*****XX*1154407492~DTM*232*20130729~DTM*233*20130729~DTM*050*20130807~AMT*AU*200~SVC*HC:T1020*200*200*0572*1~DTM*472*20130729~AMT*B6*200~CLP*2537780012013226*1*200*200**16*0809201304540~NM1*QC*1*Swaby*Clarence****MI*93704635800~NM1*82*2*Sunnyside Citywide Home Care Services*****XX*1154407492~DTM*232*20130730~DTM*233*20130730~DTM*050*20130807~AMT*AU*200~SVC*HC:T1020*200*200*0572*1~DTM*472*20130730~AMT*B6*200~CLP*2537780012013226*1*200*200**16*0809201304541~NM1*QC*1*Swaby*Clarence****MI*93704635800~NM1*82*2*Sunnyside Citywide Home Care Services*****XX*1154407492~DTM*232*20130731~DTM*233*20130731~DTM*050*20130807~AMT*AU*200~SVC*HC:T1020*200*200*0572*1~DTM*472*20130731~AMT*B6*200~CLP*2537830012011983*1*63.04*63.04**16*0809201304566~NM1*QC*1*Toussaint*Miguel****MI*93702919600~NM1*82*2*Sunnyside Citywide Home Care Services*****XX*1154407492~DTM*232*20130727~DTM*233*20130727~DTM*050*20130807~AMT*AU*63.04~SVC*HC:S5125*63.04*63.04*0572*16~DTM*472*20130727~AMT*B6*63.04~CLP*2537830012011983*1*63.04*63.04**16*0809201304567~NM1*QC*1*Toussaint*Miguel****MI*93702919600~NM1*82*2*Sunnyside Citywide Home Care Services*****XX*1154407492~DTM*232*20130728~DTM*233*20130728~DTM*050*20130807~AMT*AU*63.04~SVC*HC:S5125*63.04*63.04*0572*16~DTM*472*20130728~AMT*B6*63.04~CLP*2537830012011983*1*78.8*78.8**16*0809201304568~NM1*QC*1*Toussaint*Miguel****MI*93702919600~NM1*82*2*Sunnyside Citywide Home Care Services*****XX*1154407492~DTM*232*20130729~DTM*233*20130729~DTM*050*20130807~AMT*AU*78.8~SVC*HC:S5125*78.8*78.8*0572*20~DTM*472*20130729~AMT*B6*78.8~CLP*2537830012011983*1*78.8*78.8**16*0809201304569~NM1*QC*1*Toussaint*Miguel****MI*93702919600~NM1*82*2*Sunnyside Citywide Home Care Services*****XX*1154407492~DTM*232*20130730~DTM*233*20130730~DTM*050*20130807~AMT*AU*78.8~SVC*HC:S5125*78.8*78.8*0572*20~DTM*472*20130730~AMT*B6*78.8~CLP*2537830012011983*1*78.8*78.8**16*0809201304570~NM1*QC*1*Toussaint*Miguel****MI*93702919600~NM1*82*2*Sunnyside Citywide Home Care Services*****XX*1154407492~DTM*232*20130731~DTM*233*20130731~DTM*050*20130807~AMT*AU*78.8~SVC*HC:S5125*78.8*78.8*0572*20~DTM*472*20130731~AMT*B6*78.8~CLP*2537830012011983*1*78.8*78.8**16*0809201304571~NM1*QC*1*Toussaint*Miguel****MI*93702919600~NM1*82*2*Sunnyside Citywide Home Care Services*****XX*1154407492~DTM*232*20130801~DTM*233*20130801~DTM*050*20130807~AMT*AU*78.8~SVC*HC:S5125*78.8*78.8*0572*20~DTM*472*20130801~AMT*B6*78.8~CLP*2537830012011983*1*78.8*78.8**16*0809201304572~NM1*QC*1*Toussaint*Miguel****MI*93702919600~NM1*82*2*Sunnyside Citywide Home Care Services*****XX*1154407492~DTM*232*20130802~DTM*233*20130802~DTM*050*20130807~AMT*AU*78.8~SVC*HC:S5125*78.8*78.8*0572*20~DTM*472*20130802~AMT*B6*78.8~CLP*2537880012011982*1*200*200**16*0809201304597~NM1*QC*1*Vega*Adelaida****MI*93702952000~NM1*82*2*Sunnyside Citywide Home Care Services*****XX*1154407492~DTM*232*20130727~DTM*233*20130727~DTM*050*20130807~AMT*AU*200~SVC*HC:S5126*200*200*0572*1~DTM*472*20130727~AMT*B6*200~CLP*2537880012011982*1*200*200**16*0809201304598~NM1*QC*1*Vega*Adelaida****MI*93702952000~NM1*82*2*Sunnyside Citywide Home Care Services*****XX*1154407492~DTM*232*20130728~DTM*233*20130728~DTM*050*20130807~AMT*AU*200~SVC*HC:S5126*200*200*0572*1~DTM*472*20130728~AMT*B6*200~CLP*2537880012011982*1*200*200**16*0809201304599~NM1*QC*1*Vega*Adelaida****MI*93702952000~NM1*82*2*Sunnyside Citywide Home Care Services*****XX*1154407492~DTM*232*20130729~DTM*233*20130729~DTM*050*20130807~AMT*AU*200~SVC*HC:S5126*200*200*0572*1~DTM*472*20130729~AMT*B6*200~CLP*2537880012011982*1*200*200**16*0809201304601~NM1*QC*1*Vega*Adelaida****MI*93702952000~NM1*82*2*Sunnyside Citywide Home Care Services*****XX*1154407492~DTM*232*20130731~DTM*233*20130731~DTM*050*20130807~AMT*AU*200~SVC*HC:S5126*200*200*0572*1~DTM*472*20130731~AMT*B6*200~CLP*2537880012011982*1*200*200**16*0809201304602~NM1*QC*1*Vega*Adelaida****MI*93702952000~NM1*82*2*Sunnyside Citywide Home Care Services*****XX*1154407492~DTM*232*20130801~DTM*233*20130801~DTM*050*20130807~AMT*AU*200~SVC*HC:S5126*200*200*0572*1~DTM*472*20130801~AMT*B6*200~CLP*2537880012011982*1*200*200**16*0809201304603~NM1*QC*1*Vega*Adelaida****MI*93702952000~NM1*82*2*Sunnyside Citywide Home Care Services*****XX*1154407492~DTM*232*20130802~DTM*233*20130802~DTM*050*20130807~AMT*AU*200~SVC*HC:S5126*200*200*0572*1~DTM*472*20130802~AMT*B6*200~CLP*2537920012012077*1*31.52*31.52**16*0809201304622~NM1*QC*1*Ward*Althea****MI*93703608100~NM1*82*2*Sunnyside Citywide Home Care Services*****XX*1154407492~DTM*232*20130729~DTM*233*20130729~DTM*050*20130807~AMT*AU*31.52~SVC*HC:S5125*31.52*31.52*0572*8~DTM*472*20130729~AMT*B6*31.52~CLP*2537920012012077*1*31.52*31.52**16*0809201304623~NM1*QC*1*Ward*Althea****MI*93703608100~NM1*82*2*Sunnyside Citywide Home Care Services*****XX*1154407492~DTM*232*20130730~DTM*233*20130730~DTM*050*20130807~AMT*AU*31.52~SVC*HC:S5125*31.52*31.52*0572*8~DTM*472*20130730~AMT*B6*31.52~CLP*2537920012012077*1*31.52*31.52**16*0809201304624~NM1*QC*1*Ward*Althea****MI*93703608100~NM1*82*2*Sunnyside Citywide Home Care Services*****XX*1154407492~DTM*232*20130731~DTM*233*20130731~DTM*050*20130807~AMT*AU*31.52~SVC*HC:S5125*31.52*31.52*0572*8~DTM*472*20130731~AMT*B6*31.52~CLP*2537930012012079*1*58.4*58.4**16*0809201304625~NM1*QC*1*Ward*Althea****MI*93703608100~NM1*82*2*Sunnyside Citywide Home Care Services*****XX*1154407492~DTM*232*20130727~DTM*233*20130727~DTM*050*20130807~AMT*AU*58.4~SVC*HC:S5131*58.4*58.4*0572*16~DTM*472*20130727~AMT*B6*58.4~LX*2~CLP*2477480012006118*4*66.98*0**16*0820201303601~NM1*QC*1*Ali*Amrunissa****MI*93703296700~NM1*82*2*Sunnyside Citywide Home Care Services*****XX*1154407492~DTM*232*20130615~DTM*233*20130615~DTM*050*20130627~AMT*AU*66.98~SVC*HC:S5125*66.98*0*0572*0~DTM*472*20130615~CAS*PI*197*3.87~CAS*OA*18*66.98~AMT*B6*66.98~CLP*2477480012006118*4*141.84*0**16*0820201303602~NM1*QC*1*Ali*Amrunissa****MI*93703296700~NM1*82*2*Sunnyside Citywide Home Care Services*****XX*1154407492~DTM*232*20130617~DTM*233*20130617~DTM*050*20130627~AMT*AU*141.84~SVC*HC:S5125*141.84*0*0572*0~DTM*472*20130617~CAS*PI*197*3.87~CAS*OA*18*141.84~AMT*B6*141.84~CLP*2477480012006118*4*141.84*0**16*0820201303603~NM1*QC*1*Ali*Amrunissa****MI*93703296700~NM1*82*2*Sunnyside Citywide Home Care Services*****XX*1154407492~DTM*232*20130618~DTM*233*20130618~DTM*050*20130627~AMT*AU*141.84~SVC*HC:S5125*141.84*0*0572*0~DTM*472*20130618~CAS*PI*197*3.87~CAS*OA*18*141.84~AMT*B6*141.84~CLP*2477480012006118*4*141.84*0**16*0820201303604~NM1*QC*1*Ali*Amrunissa****MI*93703296700~NM1*82*2*Sunnyside Citywide Home Care Services*****XX*1154407492~DTM*232*20130619~DTM*233*20130619~DTM*050*20130627~AMT*AU*141.84~SVC*HC:S5125*141.84*0*0572*0~DTM*472*20130619~CAS*PI*197*3.87~CAS*OA*18*141.84~AMT*B6*141.84~CLP*2477560012011960*4*70.92*0**16*0820201303651~NM1*QC*1*Bustamente*Gabriel****MI*93702523200~NM1*82*2*Sunnyside Citywide Home Care Services*****XX*1154407492~DTM*232*20130615~DTM*233*20130615~DTM*050*20130627~AMT*AU*70.92~SVC*HC:S5125*70.92*0*0572*0~DTM*472*20130615~CAS*PI*197*3.87~CAS*OA*18*70.92~AMT*B6*70.92~CLP*2477560012011960*4*78.8*0**16*0820201303652~NM1*QC*1*Bustamente*Gabriel****MI*93702523200~NM1*82*2*Sunnyside Citywide Home Care Services*****XX*1154407492~DTM*232*20130617~DTM*233*20130617~DTM*050*20130627~AMT*AU*78.8~SVC*HC:S5125*78.8*0*0572*0~DTM*472*20130617~CAS*PI*197*3.87~CAS*OA*18*78.8~AMT*B6*78.8~CLP*2477560012011960*4*78.8*0**16*0820201303653~NM1*QC*1*Bustamente*Gabriel****MI*93702523200~NM1*82*2*Sunnyside Citywide Home Care Services*****XX*1154407492~DTM*232*20130618~DTM*233*20130618~DTM*050*20130627~AMT*AU*78.8~SVC*HC:S5125*78.8*0*0572*0~DTM*472*20130618~CAS*PI*197*3.87~CAS*OA*18*78.8~AMT*B6*78.8~CLP*2477560012011960*4*78.8*0**16*0820201303654~NM1*QC*1*Bustamente*Gabriel****MI*93702523200~NM1*82*2*Sunnyside Citywide Home Care Services*****XX*1154407492~DTM*232*20130619~DTM*233*20130619~DTM*050*20130627~AMT*AU*78.8~SVC*HC:S5125*78.8*0*0572*0~DTM*472*20130619~CAS*PI*197*3.87~CAS*OA*18*78.8~AMT*B6*78.8~CLP*2477560012011960*4*78.8*0**16*0820201303655~NM1*QC*1*Bustamente*Gabriel****MI*93702523200~NM1*82*2*Sunnyside Citywide Home Care Services*****XX*1154407492~DTM*232*20130620~DTM*233*20130620~DTM*050*20130627~AMT*AU*78.8~SVC*HC:S5125*78.8*0*0572*0~DTM*472*20130620~CAS*PI*197*3.87~CAS*OA*18*78.8~AMT*B6*78.8~CLP*2477560012011960*4*78.8*0**16*0820201303656~NM1*QC*1*Bustamente*Gabriel****MI*93702523200~NM1*82*2*Sunnyside Citywide Home Care Services*****XX*1154407492~DTM*232*20130621~DTM*233*20130621~DTM*050*20130627~AMT*AU*78.8~SVC*HC:S5125*78.8*0*0572*0~DTM*472*20130621~CAS*PI*197*3.87~CAS*OA*18*78.8~AMT*B6*78.8~CLP*2477630012002769*4*94.56*0**16*0820201303687~NM1*QC*1*Cepeda*Tomasa****MI*93700964900~NM1*82*2*Sunnyside Citywide Home Care Services*****XX*1154407492~DTM*232*20130617~DTM*233*20130617~DTM*050*20130627~AMT*AU*94.56~SVC*HC:S5125*94.56*0*0572*0~DTM*472*20130617~CAS*PI*197*3.87~CAS*OA*18*94.56~AMT*B6*94.56~CLP*2477630012002769*4*94.56*0**16*0820201303688~NM1*QC*1*Cepeda*Tomasa****MI*93700964900~NM1*82*2*Sunnyside Citywide Home Care Services*****XX*1154407492~DTM*232*20130618~DTM*233*20130618~DTM*050*20130627~AMT*AU*94.56~SVC*HC:S5125*94.56*0*0572*0~DTM*472*20130618~CAS*PI*197*3.87~CAS*OA*18*94.56~AMT*B6*94.56~CLP*2477630012002769*4*94.56*0**16*0820201303689~NM1*QC*1*Cepeda*Tomasa****MI*93700964900~NM1*82*2*Sunnyside Citywide Home Care Services*****XX*1154407492~DTM*232*20130619~DTM*233*20130619~DTM*050*20130627~AMT*AU*94.56~SVC*HC:S5125*94.56*0*0572*0~DTM*472*20130619~CAS*PI*197*3.87~CAS*OA*18*94.56~AMT*B6*94.56~CLP*2477630012002769*4*78.8*0**16*0820201303690~NM1*QC*1*Cepeda*Tomasa****MI*93700964900~NM1*82*2*Sunnyside Citywide Home Care Services*****XX*1154407492~DTM*232*20130620~DTM*233*20130620~DTM*050*20130627~AMT*AU*78.8~SVC*HC:S5125*78.8*0*0572*0~DTM*472*20130620~CAS*PI*197*3.87~CAS*OA*18*78.8~AMT*B6*78.8~CLP*2477630012002769*4*78.8*0**16*0820201303691~NM1*QC*1*Cepeda*Tomasa****MI*93700964900~NM1*82*2*Sunnyside Citywide Home Care Services*****XX*1154407492~DTM*232*20130621~DTM*233*20130621~DTM*050*20130627~AMT*AU*78.8~SVC*HC:S5125*78.8*0*0572*0~DTM*472*20130621~CAS*PI*197*3.87~CAS*OA*18*78.8~AMT*B6*78.8~CLP*2478180012011848*4*63.04*0**16*0820201303991~NM1*QC*1*Lanzilotta*Rosa****MI*93702509600~NM1*82*2*Sunnyside Citywide Home Care Services*****XX*1154407492~DTM*232*20130615~DTM*233*20130615~DTM*050*20130627~AMT*AU*63.04~SVC*HC:S5125*63.04*0*0572*0~DTM*472*20130615~CAS*PI*197*3.87~CAS*OA*18*63.04~AMT*B6*63.04~CLP*2478180012011848*4*63.04*0**16*0820201303992~NM1*QC*1*Lanzilotta*Rosa****MI*93702509600~NM1*82*2*Sunnyside Citywide Home Care Services*****XX*1154407492~DTM*232*20130616~DTM*233*20130616~DTM*050*20130627~AMT*AU*63.04~SVC*HC:S5125*63.04*0*0572*0~DTM*472*20130616~CAS*PI*197*3.87~CAS*OA*18*63.04~AMT*B6*63.04~CLP*2478180012011848*4*126.08*0**16*0820201303993~NM1*QC*1*Lanzilotta*Rosa****MI*93702509600~NM1*82*2*Sunnyside Citywide Home Care Services*****XX*1154407492~DTM*232*20130617~DTM*233*20130617~DTM*050*20130627~AMT*AU*126.08~SVC*HC:S5125*126.08*0*0572*0~DTM*472*20130617~CAS*PI*197*3.87~CAS*OA*18*126.08~AMT*B6*126.08~CLP*2478180012011848*4*126.08*0**16*0820201303994~NM1*QC*1*Lanzilotta*Rosa****MI*93702509600~NM1*82*2*Sunnyside Citywide Home Care Services*****XX*1154407492~DTM*232*20130618~DTM*233*20130618~DTM*050*20130627~AMT*AU*126.08~SVC*HC:S5125*126.08*0*0572*0~DTM*472*20130618~CAS*PI*197*3.87~CAS*OA*18*126.08~AMT*B6*126.08~CLP*2478180012011848*4*126.08*0**16*0820201303995~NM1*QC*1*Lanzilotta*Rosa****MI*93702509600~NM1*82*2*Sunnyside Citywide Home Care Services*****XX*1154407492~DTM*232*20130619~DTM*233*20130619~DTM*050*20130627~AMT*AU*126.08~SVC*HC:S5125*126.08*0*0572*0~DTM*472*20130619~CAS*PI*197*3.87~CAS*OA*18*126.08~AMT*B6*126.08~CLP*2478180012011848*4*126.08*0**16*0820201303996~NM1*QC*1*Lanzilotta*Rosa****MI*93702509600~NM1*82*2*Sunnyside Citywide Home Care Services*****XX*1154407492~DTM*232*20130620~DTM*233*20130620~DTM*050*20130627~AMT*AU*126.08~SVC*HC:S5125*126.08*0*0572*0~DTM*472*20130620~CAS*PI*197*3.87~CAS*OA*18*126.08~AMT*B6*126.08~CLP*2478180012011848*4*126.08*0**16*0820201303997~NM1*QC*1*Lanzilotta*Rosa****MI*93702509600~NM1*82*2*Sunnyside Citywide Home Care Services*****XX*1154407492~DTM*232*20130621~DTM*233*20130621~DTM*050*20130627~AMT*AU*126.08~SVC*HC:S5125*126.08*0*0572*0~DTM*472*20130621~CAS*PI*197*3.87~CAS*OA*18*126.08~AMT*B6*126.08~CLP*2478240012011845*4*63.04*0**16*0820201304030~NM1*QC*1*Lugo*Dolores****MI*93702878100~NM1*82*2*Sunnyside Citywide Home Care Services*****XX*1154407492~DTM*232*20130618~DTM*233*20130618~DTM*050*20130627~AMT*AU*63.04~SVC*HC:S5125*63.04*0*0572*0~DTM*472*20130618~CAS*PI*197*3.87~CAS*OA*18*63.04~AMT*B6*63.04~CLP*2478240012011845*4*63.04*0**16*0820201304031~NM1*QC*1*Lugo*Dolores****MI*93702878100~NM1*82*2*Sunnyside Citywide Home Care Services*****XX*1154407492~DTM*232*20130619~DTM*233*20130619~DTM*050*20130627~AMT*AU*63.04~SVC*HC:S5125*63.04*0*0572*0~DTM*472*20130619~CAS*PI*197*3.87~CAS*OA*18*63.04~AMT*B6*63.04~CLP*2478240012011845*4*63.04*0**16*0820201304032~NM1*QC*1*Lugo*Dolores****MI*93702878100~NM1*82*2*Sunnyside Citywide Home Care Services*****XX*1154407492~DTM*232*20130620~DTM*233*20130620~DTM*050*20130627~AMT*AU*63.04~SVC*HC:S5125*63.04*0*0572*0~DTM*472*20130620~CAS*PI*197*3.87~CAS*OA*18*63.04~AMT*B6*63.04~CLP*2478310012011965*4*94.56*0**16*0820201304070~NM1*QC*1*Mateo*Rafael****MI*93704189600~NM1*82*2*Sunnyside Citywide Home Care Services*****XX*1154407492~DTM*232*20130615~DTM*233*20130615~DTM*050*20130627~AMT*AU*94.56~SVC*HC:S5125*94.56*0*0572*0~DTM*472*20130615~CAS*PI*197*3.87~CAS*OA*18*94.56~AMT*B6*94.56~CLP*2478310012011965*4*78.8*0**16*0820201304071~NM1*QC*1*Mateo*Rafael****MI*93704189600~NM1*82*2*Sunnyside Citywide Home Care Services*****XX*1154407492~DTM*232*20130616~DTM*233*20130616~DTM*050*20130627~AMT*AU*78.8~SVC*HC:S5125*78.8*0*0572*0~DTM*472*20130616~CAS*PI*197*3.87~CAS*OA*18*78.8~AMT*B6*78.8~CLP*2478310012011965*4*110.32*0**16*0820201304072~NM1*QC*1*Mateo*Rafael****MI*93704189600~NM1*82*2*Sunnyside Citywide Home Care Services*****XX*1154407492~DTM*232*20130617~DTM*233*20130617~DTM*050*20130627~AMT*AU*110.32~SVC*HC:S5125*110.32*0*0572*0~DTM*472*20130617~CAS*PI*197*3.87~CAS*OA*18*110.32~AMT*B6*110.32~CLP*2478310012011965*4*110.32*0**16*0820201304073~NM1*QC*1*Mateo*Rafael****MI*93704189600~NM1*82*2*Sunnyside Citywide Home Care Services*****XX*1154407492~DTM*232*20130618~DTM*233*20130618~DTM*050*20130627~AMT*AU*110.32~SVC*HC:S5125*110.32*0*0572*0~DTM*472*20130618~CAS*PI*197*3.87~CAS*OA*18*110.32~AMT*B6*110.32~CLP*2478310012011965*4*110.32*0**16*0820201304074~NM1*QC*1*Mateo*Rafael****MI*93704189600~NM1*82*2*Sunnyside Citywide Home Care Services*****XX*1154407492~DTM*232*20130619~DTM*233*20130619~DTM*050*20130627~AMT*AU*110.32~SVC*HC:S5125*110.32*0*0572*0~DTM*472*20130619~CAS*PI*197*3.87~CAS*OA*18*110.32~AMT*B6*110.32~CLP*2478310012011965*4*110.32*0**16*0820201304075~NM1*QC*1*Mateo*Rafael****MI*93704189600~NM1*82*2*Sunnyside Citywide Home Care Services*****XX*1154407492~DTM*232*20130620~DTM*233*20130620~DTM*050*20130627~AMT*AU*110.32~SVC*HC:S5125*110.32*0*0572*0~DTM*472*20130620~CAS*PI*197*3.87~CAS*OA*18*110.32~AMT*B6*110.32~CLP*2478310012011965*4*126.08*0**16*0820201304076~NM1*QC*1*Mateo*Rafael****MI*93704189600~NM1*82*2*Sunnyside Citywide Home Care Services*****XX*1154407492~DTM*232*20130621~DTM*233*20130621~DTM*050*20130627~AMT*AU*126.08~SVC*HC:S5125*126.08*0*0572*0~DTM*472*20130621~CAS*PI*197*3.87~CAS*OA*18*126.08~AMT*B6*126.08~CLP*2478550012011916*4*110.32*0**16*0820201304192~NM1*QC*1*Ortiz*Anthony****MI*93700799800~NM1*82*2*Sunnyside Citywide Home Care Services*****XX*1154407492~DTM*232*20130617~DTM*233*20130617~DTM*050*20130627~AMT*AU*110.32~SVC*HC:S5125*110.32*0*0572*0~DTM*472*20130617~CAS*PI*197*3.87~CAS*OA*18*110.32~AMT*B6*110.32~CLP*2478550012011916*4*110.32*0**16*0820201304193~NM1*QC*1*Ortiz*Anthony****MI*93700799800~NM1*82*2*Sunnyside Citywide Home Care Services*****XX*1154407492~DTM*232*20130618~DTM*233*20130618~DTM*050*20130627~AMT*AU*110.32~SVC*HC:S5125*110.32*0*0572*0~DTM*472*20130618~CAS*PI*197*3.87~CAS*OA*18*110.32~AMT*B6*110.32~CLP*2478550012011916*4*110.32*0**16*0820201304194~NM1*QC*1*Ortiz*Anthony****MI*93700799800~NM1*82*2*Sunnyside Citywide Home Care Services*****XX*1154407492~DTM*232*20130619~DTM*233*20130619~DTM*050*20130627~AMT*AU*110.32~SVC*HC:S5125*110.32*0*0572*0~DTM*472*20130619~CAS*PI*197*3.87~CAS*OA*18*110.32~AMT*B6*110.32~CLP*2478550012011916*4*110.32*0**16*0820201304195~NM1*QC*1*Ortiz*Anthony****MI*93700799800~NM1*82*2*Sunnyside Citywide Home Care Services*****XX*1154407492~DTM*232*20130620~DTM*233*20130620~DTM*050*20130627~AMT*AU*110.32~SVC*HC:S5125*110.32*0*0572*0~DTM*472*20130620~CAS*PI*197*3.87~CAS*OA*18*110.32~AMT*B6*110.32~CLP*2478550012011916*4*110.32*0**16*0820201304196~NM1*QC*1*Ortiz*Anthony****MI*93700799800~NM1*82*2*Sunnyside Citywide Home Care Services*****XX*1154407492~DTM*232*20130621~DTM*233*20130621~DTM*050*20130627~AMT*AU*110.32~SVC*HC:S5125*110.32*0*0572*0~DTM*472*20130621~CAS*PI*197*3.87~CAS*OA*18*110.32~AMT*B6*110.32~CLP*2478660012009232*4*94.56*0**16*0820201304258~NM1*QC*1*Perez*Maria****MI*93703475500~NM1*82*2*Sunnyside Citywide Home Care Services*****XX*1154407492~DTM*232*20130527~DTM*233*20130527~DTM*050*20130627~AMT*AU*94.56~SVC*HC:T1019*94.56*0*0572*0~DTM*472*20130527~CAS*PI*197*3.87~CAS*OA*18*94.56~AMT*B6*94.56~CLP*2478660012009232*4*94.56*0**16*0820201304259~NM1*QC*1*Perez*Maria****MI*93703475500~NM1*82*2*Sunnyside Citywide Home Care Services*****XX*1154407492~DTM*232*20130612~DTM*233*20130612~DTM*050*20130627~AMT*AU*94.56~SVC*HC:T1019*94.56*0*0572*0~DTM*472*20130612~CAS*PI*197*3.87~CAS*OA*18*94.56~AMT*B6*94.56~CLP*2478660012009232*4*94.56*0**16*0820201304260~NM1*QC*1*Perez*Maria****MI*93703475500~NM1*82*2*Sunnyside Citywide Home Care Services*****XX*1154407492~DTM*232*20130613~DTM*233*20130613~DTM*050*20130627~AMT*AU*94.56~SVC*HC:T1019*94.56*0*0572*0~DTM*472*20130613~CAS*PI*197*3.87~CAS*OA*18*94.56~AMT*B6*94.56~CLP*2478660012009232*4*94.56*0**16*0820201304261~NM1*QC*1*Perez*Maria****MI*93703475500~NM1*82*2*Sunnyside Citywide Home Care Services*****XX*1154407492~DTM*232*20130617~DTM*233*20130617~DTM*050*20130627~AMT*AU*94.56~SVC*HC:T1019*94.56*0*0572*0~DTM*472*20130617~CAS*PI*197*3.87~CAS*OA*18*94.56~AMT*B6*94.56~CLP*2478660012009232*4*94.56*0**16*0820201304262~NM1*QC*1*Perez*Maria****MI*93703475500~NM1*82*2*Sunnyside Citywide Home Care Services*****XX*1154407492~DTM*232*20130618~DTM*233*20130618~DTM*050*20130627~AMT*AU*94.56~SVC*HC:T1019*94.56*0*0572*0~DTM*472*20130618~CAS*PI*197*3.87~CAS*OA*18*94.56~AMT*B6*94.56~CLP*2478660012009232*4*94.56*0**16*0820201304263~NM1*QC*1*Perez*Maria****MI*93703475500~NM1*82*2*Sunnyside Citywide Home Care Services*****XX*1154407492~DTM*232*20130619~DTM*233*20130619~DTM*050*20130627~AMT*AU*94.56~SVC*HC:T1019*94.56*0*0572*0~DTM*472*20130619~CAS*PI*197*3.87~CAS*OA*18*94.56~AMT*B6*94.56~CLP*2478660012009232*4*94.56*0**16*0820201304264~NM1*QC*1*Perez*Maria****MI*93703475500~NM1*82*2*Sunnyside Citywide Home Care Services*****XX*1154407492~DTM*232*20130620~DTM*233*20130620~DTM*050*20130627~AMT*AU*94.56~SVC*HC:T1019*94.56*0*0572*0~DTM*472*20130620~CAS*PI*197*3.87~CAS*OA*18*94.56~AMT*B6*94.56~CLP*2478660012009232*4*94.56*0**16*0820201304265~NM1*QC*1*Perez*Maria****MI*93703475500~NM1*82*2*Sunnyside Citywide Home Care Services*****XX*1154407492~DTM*232*20130621~DTM*233*20130621~DTM*050*20130627~AMT*AU*94.56~SVC*HC:T1019*94.56*0*0572*0~DTM*472*20130621~CAS*PI*197*3.87~CAS*OA*18*94.56~AMT*B6*94.56~CLP*2478710012002109*4*83.8*0**16*0820201304284~NM1*QC*1*Proano*Alicia****MI*93700845900~NM1*82*2*Sunnyside Citywide Home Care Services*****XX*1154407492~DTM*232*20130615~DTM*233*20130615~DTM*050*20130627~AMT*AU*83.8~SVC*HC:S5125:TT*83.8*0*0572*0~DTM*472*20130615~CAS*PI*197*3.87~CAS*OA*18*83.8~AMT*B6*83.8~CLP*2478710012002109*4*83.8*0**16*0820201304285~NM1*QC*1*Proano*Alicia****MI*93700845900~NM1*82*2*Sunnyside Citywide Home Care Services*****XX*1154407492~DTM*232*20130616~DTM*233*20130616~DTM*050*20130627~AMT*AU*83.8~SVC*HC:S5125:TT*83.8*0*0572*0~DTM*472*20130616~CAS*PI*197*3.87~CAS*OA*18*83.8~AMT*B6*83.8~CLP*2478710012002109*4*83.8*0**16*0820201304286~NM1*QC*1*Proano*Alicia****MI*93700845900~NM1*82*2*Sunnyside Citywide Home Care Services*****XX*1154407492~DTM*232*20130617~DTM*233*20130617~DTM*050*20130627~AMT*AU*83.8~SVC*HC:S5125:TT*83.8*0*0572*0~DTM*472*20130617~CAS*PI*197*3.87~CAS*OA*18*83.8~AMT*B6*83.8~CLP*2478710012002109*4*83.8*0**16*0820201304287~NM1*QC*1*Proano*Alicia****MI*93700845900~NM1*82*2*Sunnyside Citywide Home Care Services*****XX*1154407492~DTM*232*20130618~DTM*233*20130618~DTM*050*20130627~AMT*AU*83.8~SVC*HC:S5125:TT*83.8*0*0572*0~DTM*472*20130618~CAS*PI*197*3.87~CAS*OA*18*83.8~AMT*B6*83.8~CLP*2478710012002109*4*83.8*0**16*0820201304288~NM1*QC*1*Proano*Alicia****MI*93700845900~NM1*82*2*Sunnyside Citywide Home Care Services*****XX*1154407492~DTM*232*20130619~DTM*233*20130619~DTM*050*20130627~AMT*AU*83.8~SVC*HC:S5125:TT*83.8*0*0572*0~DTM*472*20130619~CAS*PI*197*3.87~CAS*OA*18*83.8~AMT*B6*83.8~CLP*2478710012002109*4*83.8*0**16*0820201304289~NM1*QC*1*Proano*Alicia****MI*93700845900~NM1*82*2*Sunnyside Citywide Home Care Services*****XX*1154407492~DTM*232*20130621~DTM*233*20130621~DTM*050*20130627~AMT*AU*83.8~SVC*HC:S5125:TT*83.8*0*0572*0~DTM*472*20130621~CAS*PI*197*3.87~CAS*OA*18*83.8~AMT*B6*83.8~CLP*2478860012012056*4*94.56*0**16*0820201304382~NM1*QC*1*Rodriguez*Juan****MI*93702665700~NM1*82*2*Sunnyside Citywide Home Care Services*****XX*1154407492~DTM*232*20130615~DTM*233*20130615~DTM*050*20130627~AMT*AU*94.56~SVC*HC:S5125*94.56*0*0572*0~DTM*472*20130615~CAS*PI*197*3.87~CAS*OA*18*94.56~AMT*B6*94.56~CLP*2478860012012056*4*94.56*0**16*0820201304383~NM1*QC*1*Rodriguez*Juan****MI*93702665700~NM1*82*2*Sunnyside Citywide Home Care Services*****XX*1154407492~DTM*232*20130616~DTM*233*20130616~DTM*050*20130627~AMT*AU*94.56~SVC*HC:S5125*94.56*0*0572*0~DTM*472*20130616~CAS*PI*197*3.87~CAS*OA*18*94.56~AMT*B6*94.56~CLP*2478860012012056*4*110.32*0**16*0820201304384~NM1*QC*1*Rodriguez*Juan****MI*93702665700~NM1*82*2*Sunnyside Citywide Home Care Services*****XX*1154407492~DTM*232*20130617~DTM*233*20130617~DTM*050*20130627~AMT*AU*110.32~SVC*HC:S5125*110.32*0*0572*0~DTM*472*20130617~CAS*PI*197*3.87~CAS*OA*18*110.32~AMT*B6*110.32~CLP*2478860012012056*4*110.32*0**16*0820201304385~NM1*QC*1*Rodriguez*Juan****MI*93702665700~NM1*82*2*Sunnyside Citywide Home Care Services*****XX*1154407492~DTM*232*20130618~DTM*233*20130618~DTM*050*20130627~AMT*AU*110.32~SVC*HC:S5125*110.32*0*0572*0~DTM*472*20130618~CAS*PI*197*3.87~CAS*OA*18*110.32~AMT*B6*110.32~CLP*2478860012012056*4*110.32*0**16*0820201304386~NM1*QC*1*Rodriguez*Juan****MI*93702665700~NM1*82*2*Sunnyside Citywide Home Care Services*****XX*1154407492~DTM*232*20130619~DTM*233*20130619~DTM*050*20130627~AMT*AU*110.32~SVC*HC:S5125*110.32*0*0572*0~DTM*472*20130619~CAS*PI*197*3.87~CAS*OA*18*110.32~AMT*B6*110.32~CLP*2478860012012056*4*110.32*0**16*0820201304387~NM1*QC*1*Rodriguez*Juan****MI*93702665700~NM1*82*2*Sunnyside Citywide Home Care Services*****XX*1154407492~DTM*232*20130621~DTM*233*20130621~DTM*050*20130627~AMT*AU*110.32~SVC*HC:S5125*110.32*0*0572*0~DTM*472*20130621~CAS*PI*197*3.87~CAS*OA*18*110.32~AMT*B6*110.32~CLP*2479020012011859*4*110.32*0**16*0820201304468~NM1*QC*1*Santiago*Iveth****MI*93703401100~NM1*82*2*Sunnyside Citywide Home Care Services*****XX*1154407492~DTM*232*20130615~DTM*233*20130615~DTM*050*20130627~AMT*AU*110.32~SVC*HC:S5125*110.32*0*0572*0~DTM*472*20130615~CAS*PI*197*3.87~CAS*OA*18*110.32~AMT*B6*110.32~CLP*2479020012011859*4*110.32*0**16*0820201304469~NM1*QC*1*Santiago*Iveth****MI*93703401100~NM1*82*2*Sunnyside Citywide Home Care Services*****XX*1154407492~DTM*232*20130616~DTM*233*20130616~DTM*050*20130627~AMT*AU*110.32~SVC*HC:S5125*110.32*0*0572*0~DTM*472*20130616~CAS*PI*197*3.87~CAS*OA*18*110.32~AMT*B6*110.32~CLP*2479020012011859*4*110.32*0**16*0820201304470~NM1*QC*1*Santiago*Iveth****MI*93703401100~NM1*82*2*Sunnyside Citywide Home Care Services*****XX*1154407492~DTM*232*20130617~DTM*233*20130617~DTM*050*20130627~AMT*AU*110.32~SVC*HC:S5125*110.32*0*0572*0~DTM*472*20130617~CAS*PI*197*3.87~CAS*OA*18*110.32~AMT*B6*110.32~CLP*2479020012011859*4*110.32*0**16*0820201304471~NM1*QC*1*Santiago*Iveth****MI*93703401100~NM1*82*2*Sunnyside Citywide Home Care Services*****XX*1154407492~DTM*232*20130618~DTM*233*20130618~DTM*050*20130627~AMT*AU*110.32~SVC*HC:S5125*110.32*0*0572*0~DTM*472*20130618~CAS*PI*197*3.87~CAS*OA*18*110.32~AMT*B6*110.32~CLP*2479020012011859*4*110.32*0**16*0820201304472~NM1*QC*1*Santiago*Iveth****MI*93703401100~NM1*82*2*Sunnyside Citywide Home Care Services*****XX*1154407492~DTM*232*20130619~DTM*233*20130619~DTM*050*20130627~AMT*AU*110.32~SVC*HC:S5125*110.32*0*0572*0~DTM*472*20130619~CAS*PI*197*3.87~CAS*OA*18*110.32~AMT*B6*110.32~CLP*2479020012011859*4*110.32*0**16*0820201304473~NM1*QC*1*Santiago*Iveth****MI*93703401100~NM1*82*2*Sunnyside Citywide Home Care Services*****XX*1154407492~DTM*232*20130620~DTM*233*20130620~DTM*050*20130627~AMT*AU*110.32~SVC*HC:S5125*110.32*0*0572*0~DTM*472*20130620~CAS*PI*197*3.87~CAS*OA*18*110.32~AMT*B6*110.32~CLP*2479030012011788*4*67.04*0**16*0820201304474~NM1*QC*1*Santiago*Victorio****MI*93701469700~NM1*82*2*Sunnyside Citywide Home Care Services*****XX*1154407492~DTM*232*20130617~DTM*233*20130617~DTM*050*20130627~AMT*AU*67.04~SVC*HC:T1019:TT*67.04*0*0572*0~DTM*472*20130617~CAS*PI*197*3.87~CAS*OA*18*67.04~AMT*B6*67.04~CLP*2479030012011788*4*67.04*0**16*0820201304475~NM1*QC*1*Santiago*Victorio****MI*93701469700~NM1*82*2*Sunnyside Citywide Home Care Services*****XX*1154407492~DTM*232*20130618~DTM*233*20130618~DTM*050*20130627~AMT*AU*67.04~SVC*HC:T1019:TT*67.04*0*0572*0~DTM*472*20130618~CAS*PI*197*3.87~CAS*OA*18*67.04~AMT*B6*67.04~CLP*2479030012011788*4*67.04*0**16*0820201304476~NM1*QC*1*Santiago*Victorio****MI*93701469700~NM1*82*2*Sunnyside Citywide Home Care Services*****XX*1154407492~DTM*232*20130619~DTM*233*20130619~DTM*050*20130627~AMT*AU*67.04~SVC*HC:T1019:TT*67.04*0*0572*0~DTM*472*20130619~CAS*PI*197*3.87~CAS*OA*18*67.04~AMT*B6*67.04~CLP*2479030012011788*4*67.04*0**16*0820201304477~NM1*QC*1*Santiago*Victorio****MI*93701469700~NM1*82*2*Sunnyside Citywide Home Care Services*****XX*1154407492~DTM*232*20130621~DTM*233*20130621~DTM*050*20130627~AMT*AU*67.04~SVC*HC:T1019:TT*67.04*0*0572*0~DTM*472*20130621~CAS*PI*197*3.87~CAS*OA*18*67.04~AMT*B6*67.04~CLP*2479070012013226*1*200*0**16*0820201304494~NM1*QC*1*Swaby*Clarence****MI*93704635800~NM1*82*2*Sunnyside Citywide Home Care Services*****XX*1154407492~DTM*232*20130615~DTM*233*20130615~DTM*050*20130627~SVC*HC:T1020*200*0*0572*0~DTM*472*20130615~CLP*2479070012013226*1*200*0**16*0820201304495~NM1*QC*1*Swaby*Clarence****MI*93704635800~NM1*82*2*Sunnyside Citywide Home Care Services*****XX*1154407492~DTM*232*20130616~DTM*233*20130616~DTM*050*20130627~SVC*HC:T1020*200*0*0572*0~DTM*472*20130616~CLP*2479070012013226*1*200*0**16*0820201304496~NM1*QC*1*Swaby*Clarence****MI*93704635800~NM1*82*2*Sunnyside Citywide Home Care Services*****XX*1154407492~DTM*232*20130617~DTM*233*20130617~DTM*050*20130627~SVC*HC:T1020*200*0*0572*0~DTM*472*20130617~CLP*2479070012013226*1*200*0**16*0820201304497~NM1*QC*1*Swaby*Clarence****MI*93704635800~NM1*82*2*Sunnyside Citywide Home Care Services*****XX*1154407492~DTM*232*20130618~DTM*233*20130618~DTM*050*20130627~SVC*HC:T1020*200*0*0572*0~DTM*472*20130618~CLP*2479070012013226*1*200*0**16*0820201304498~NM1*QC*1*Swaby*Clarence****MI*93704635800~NM1*82*2*Sunnyside Citywide Home Care Services*****XX*1154407492~DTM*232*20130619~DTM*233*20130619~DTM*050*20130627~SVC*HC:T1020*200*0*0572*0~DTM*472*20130619~CLP*2479070012013226*1*200*0**16*0820201304499~NM1*QC*1*Swaby*Clarence****MI*93704635800~NM1*82*2*Sunnyside Citywide Home Care Services*****XX*1154407492~DTM*232*20130620~DTM*233*20130620~DTM*050*20130627~SVC*HC:T1020*200*0*0572*0~DTM*472*20130620~CLP*2479070012013226*1*200*0**16*0820201304501~NM1*QC*1*Swaby*Clarence****MI*93704635800~NM1*82*2*Sunnyside Citywide Home Care Services*****XX*1154407492~DTM*232*20130621~DTM*233*20130621~DTM*050*20130627~SVC*HC:T1020*200*0*0572*0~DTM*472*20130621~CLP*2479120012011983*4*63.04*0**16*0820201304526~NM1*QC*1*Toussaint*Miguel****MI*93702919600~NM1*82*2*Sunnyside Citywide Home Care Services*****XX*1154407492~DTM*232*20130615~DTM*233*20130615~DTM*050*20130627~AMT*AU*63.04~SVC*HC:S5125*63.04*0*0572*0~DTM*472*20130615~CAS*PI*197*3.87~CAS*OA*18*63.04~AMT*B6*63.04~CLP*2479120012011983*4*63.04*0**16*0820201304527~NM1*QC*1*Toussaint*Miguel****MI*93702919600~NM1*82*2*Sunnyside Citywide Home Care Services*****XX*1154407492~DTM*232*20130616~DTM*233*20130616~DTM*050*20130627~AMT*AU*63.04~SVC*HC:S5125*63.04*0*0572*0~DTM*472*20130616~CAS*PI*197*3.87~CAS*OA*18*63.04~AMT*B6*63.04~CLP*2479120012011983*4*78.8*0**16*0820201304528~NM1*QC*1*Toussaint*Miguel****MI*93702919600~NM1*82*2*Sunnyside Citywide Home Care Services*****XX*1154407492~DTM*232*20130617~DTM*233*20130617~DTM*050*20130627~AMT*AU*78.8~SVC*HC:S5125*78.8*0*0572*0~DTM*472*20130617~CAS*PI*197*3.87~CAS*OA*18*78.8~AMT*B6*78.8~CLP*2479120012011983*4*78.8*0**16*0820201304529~NM1*QC*1*Toussaint*Miguel****MI*93702919600~NM1*82*2*Sunnyside Citywide Home Care Services*****XX*1154407492~DTM*232*20130618~DTM*233*20130618~DTM*050*20130627~AMT*AU*78.8~SVC*HC:S5125*78.8*0*0572*0~DTM*472*20130618~CAS*PI*197*3.87~CAS*OA*18*78.8~AMT*B6*78.8~CLP*2479120012011983*4*78.8*0**16*0820201304530~NM1*QC*1*Toussaint*Miguel****MI*93702919600~NM1*82*2*Sunnyside Citywide Home Care Services*****XX*1154407492~DTM*232*20130619~DTM*233*20130619~DTM*050*20130627~AMT*AU*78.8~SVC*HC:S5125*78.8*0*0572*0~DTM*472*20130619~CAS*PI*197*3.87~CAS*OA*18*78.8~AMT*B6*78.8~CLP*2479120012011983*4*78.8*0**16*0820201304531~NM1*QC*1*Toussaint*Miguel****MI*93702919600~NM1*82*2*Sunnyside Citywide Home Care Services*****XX*1154407492~DTM*232*20130620~DTM*233*20130620~DTM*050*20130627~AMT*AU*78.8~SVC*HC:S5125*78.8*0*0572*0~DTM*472*20130620~CAS*PI*197*3.87~CAS*OA*18*78.8~AMT*B6*78.8~CLP*2479120012011983*4*78.8*0**16*0820201304532~NM1*QC*1*Toussaint*Miguel****MI*93702919600~NM1*82*2*Sunnyside Citywide Home Care Services*****XX*1154407492~DTM*232*20130621~DTM*233*20130621~DTM*050*20130627~AMT*AU*78.8~SVC*HC:S5125*78.8*0*0572*0~DTM*472*20130621~CAS*PI*197*3.87~CAS*OA*18*78.8~AMT*B6*78.8~CLP*2479170012011982*1*200*0**16*0820201304555~NM1*QC*1*Vega*Adelaida****MI*93702952000~NM1*82*2*Sunnyside Citywide Home Care Services*****XX*1154407492~DTM*232*20130615~DTM*233*20130615~DTM*050*20130627~SVC*HC:S5126*200*0*0572*0~DTM*472*20130615~CLP*2479170012011982*1*200*0**16*0820201304556~NM1*QC*1*Vega*Adelaida****MI*93702952000~NM1*82*2*Sunnyside Citywide Home Care Services*****XX*1154407492~DTM*232*20130616~DTM*233*20130616~DTM*050*20130627~SVC*HC:S5126*200*0*0572*0~DTM*472*20130616~CLP*2479170012011982*1*200*0**16*0820201304557~NM1*QC*1*Vega*Adelaida****MI*93702952000~NM1*82*2*Sunnyside Citywide Home Care Services*****XX*1154407492~DTM*232*20130617~DTM*233*20130617~DTM*050*20130627~SVC*HC:S5126*200*0*0572*0~DTM*472*20130617~CLP*2479170012011982*1*200*0**16*0820201304558~NM1*QC*1*Vega*Adelaida****MI*93702952000~NM1*82*2*Sunnyside Citywide Home Care Services*****XX*1154407492~DTM*232*20130618~DTM*233*20130618~DTM*050*20130627~SVC*HC:S5126*200*0*0572*0~DTM*472*20130618~CLP*2479170012011982*1*200*0**16*0820201304559~NM1*QC*1*Vega*Adelaida****MI*93702952000~NM1*82*2*Sunnyside Citywide Home Care Services*****XX*1154407492~DTM*232*20130619~DTM*233*20130619~DTM*050*20130627~SVC*HC:S5126*200*0*0572*0~DTM*472*20130619~CLP*2479170012011982*1*200*0**16*0820201304560~NM1*QC*1*Vega*Adelaida****MI*93702952000~NM1*82*2*Sunnyside Citywide Home Care Services*****XX*1154407492~DTM*232*20130620~DTM*233*20130620~DTM*050*20130627~SVC*HC:S5126*200*0*0572*0~DTM*472*20130620~CLP*2479170012011982*1*200*0**16*0820201304561~NM1*QC*1*Vega*Adelaida****MI*93702952000~NM1*82*2*Sunnyside Citywide Home Care Services*****XX*1154407492~DTM*232*20130621~DTM*233*20130621~DTM*050*20130627~SVC*HC:S5126*200*0*0572*0~DTM*472*20130621~CLP*2479220012012077*4*31.52*0**16*0820201304580~NM1*QC*1*Ward*Althea****MI*93703608100~NM1*82*2*Sunnyside Citywide Home Care Services*****XX*1154407492~DTM*232*20130617~DTM*233*20130617~DTM*050*20130627~AMT*AU*31.52~SVC*HC:S5125*31.52*0*0572*0~DTM*472*20130617~CAS*PI*197*3.87~CAS*OA*18*31.52~AMT*B6*31.52~CLP*2479220012012077*4*31.52*0**16*0820201304581~NM1*QC*1*Ward*Althea****MI*93703608100~NM1*82*2*Sunnyside Citywide Home Care Services*****XX*1154407492~DTM*232*20130618~DTM*233*20130618~DTM*050*20130627~AMT*AU*31.52~SVC*HC:S5125*31.52*0*0572*0~DTM*472*20130618~CAS*PI*197*3.87~CAS*OA*18*31.52~AMT*B6*31.52~CLP*2479220012012077*4*31.52*0**16*0820201304582~NM1*QC*1*Ward*Althea****MI*93703608100~NM1*82*2*Sunnyside Citywide Home Care Services*****XX*1154407492~DTM*232*20130619~DTM*233*20130619~DTM*050*20130627~AMT*AU*31.52~SVC*HC:S5125*31.52*0*0572*0~DTM*472*20130619~CAS*PI*197*3.87~CAS*OA*18*31.52~AMT*B6*31.52~CLP*2479220012012077*4*31.52*0**16*0820201304583~NM1*QC*1*Ward*Althea****MI*93703608100~NM1*82*2*Sunnyside Citywide Home Care Services*****XX*1154407492~DTM*232*20130620~DTM*233*20130620~DTM*050*20130627~AMT*AU*31.52~SVC*HC:S5125*31.52*0*0572*0~DTM*472*20130620~CAS*PI*197*3.87~CAS*OA*18*31.52~AMT*B6*31.52~CLP*2479220012012077*4*31.52*0**16*0820201304584~NM1*QC*1*Ward*Althea****MI*93703608100~NM1*82*2*Sunnyside Citywide Home Care Services*****XX*1154407492~DTM*232*20130621~DTM*233*20130621~DTM*050*20130627~AMT*AU*31.52~SVC*HC:S5125*31.52*0*0572*0~DTM*472*20130621~CAS*PI*197*3.87~CAS*OA*18*31.52~AMT*B6*31.52~CLP*2479230012012079*1*58.4*0**16*0820201304585~NM1*QC*1*Ward*Althea****MI*93703608100~NM1*82*2*Sunnyside Citywide Home Care Services*****XX*1154407492~DTM*232*20130615~DTM*233*20130615~DTM*050*20130627~SVC*HC:S5131*58.4*0*0572*0~DTM*472*20130615~SE*1877*00001~GE*1*1~IEA*1*000173091~