ISA*00*          *00*          *ZZ*GUILDNET       *ZZ*SUNNYSIDEGN    *130813*1132*^*00501*000171584*0*P*:~GS*HP*GUILDNET*SUNNYSIDEGN*20130813*1132*1*X*005010X221A1~ST*835*00001~BPR*I*9280.9*C*CHK************20130815~TRN*1*215591*1999999999~DTM*405*20130813~N1*PR*GuildNet Gold Medicare Advantage SNP*XV*H6864~N3*15 West 65th St.~N4*New York*NY*10023~PER*CX*Geri Taylor*TE*2127697857~PER*BL*Geri Taylor*TE*2127697857~N1*PE*Sunnyside Citywide Home*FI*113502051~N3*43-31 39th Street~N4*Sunnyside*NY*11104~LX*1~CLP*2515860012006118*1*141.84*141.84**16*0725201300701~NM1*QC*1*Ali*Amrunissa****MI*93703296700~NM1*82*2*Sunnyside Citywide Home Care Services*****XX*1154407492~DTM*232*20130715~DTM*233*20130715~DTM*050*20130725~AMT*AU*141.84~SVC*HC:S5125*141.84*141.84*0572*36~DTM*472*20130715~AMT*B6*141.84~CLP*2515860012006118*1*141.84*141.84**16*0725201300702~NM1*QC*1*Ali*Amrunissa****MI*93703296700~NM1*82*2*Sunnyside Citywide Home Care Services*****XX*1154407492~DTM*232*20130716~DTM*233*20130716~DTM*050*20130725~AMT*AU*141.84~SVC*HC:S5125*141.84*141.84*0572*36~DTM*472*20130716~AMT*B6*141.84~CLP*2515860012006118*1*141.84*141.84**16*0725201300703~NM1*QC*1*Ali*Amrunissa****MI*93703296700~NM1*82*2*Sunnyside Citywide Home Care Services*****XX*1154407492~DTM*232*20130717~DTM*233*20130717~DTM*050*20130725~AMT*AU*141.84~SVC*HC:S5125*141.84*141.84*0572*36~DTM*472*20130717~AMT*B6*141.84~CLP*2515860012006118*1*141.84*141.84**16*0725201300704~NM1*QC*1*Ali*Amrunissa****MI*93703296700~NM1*82*2*Sunnyside Citywide Home Care Services*****XX*1154407492~DTM*232*20130718~DTM*233*20130718~DTM*050*20130725~AMT*AU*141.84~SVC*HC:S5125*141.84*141.84*0572*36~DTM*472*20130718~AMT*B6*141.84~CLP*2515860012006118*1*63.04*63.04**16*0725201300705~NM1*QC*1*Ali*Amrunissa****MI*93703296700~NM1*82*2*Sunnyside Citywide Home Care Services*****XX*1154407492~DTM*232*20130719~DTM*233*20130719~DTM*050*20130725~AMT*AU*63.04~SVC*HC:S5125*63.04*63.04*0572*16~DTM*472*20130719~AMT*B6*63.04~CLP*2515950012011960*1*70.92*70.92**16*0725201300750~NM1*QC*1*Bustamente*Gabriel****MI*93702523200~NM1*82*2*Sunnyside Citywide Home Care Services*****XX*1154407492~DTM*232*20130713~DTM*233*20130713~DTM*050*20130725~AMT*AU*70.92~SVC*HC:S5125*70.92*70.92*0572*18~DTM*472*20130713~AMT*B6*70.92~CLP*2515950012011960*1*78.8*78.8**16*0725201300751~NM1*QC*1*Bustamente*Gabriel****MI*93702523200~NM1*82*2*Sunnyside Citywide Home Care Services*****XX*1154407492~DTM*232*20130715~DTM*233*20130715~DTM*050*20130725~AMT*AU*78.8~SVC*HC:S5125*78.8*78.8*0572*20~DTM*472*20130715~AMT*B6*78.8~CLP*2515950012011960*1*78.8*78.8**16*0725201300752~NM1*QC*1*Bustamente*Gabriel****MI*93702523200~NM1*82*2*Sunnyside Citywide Home Care Services*****XX*1154407492~DTM*232*20130716~DTM*233*20130716~DTM*050*20130725~AMT*AU*78.8~SVC*HC:S5125*78.8*78.8*0572*20~DTM*472*20130716~AMT*B6*78.8~CLP*2515950012011960*1*78.8*78.8**16*0725201300753~NM1*QC*1*Bustamente*Gabriel****MI*93702523200~NM1*82*2*Sunnyside Citywide Home Care Services*****XX*1154407492~DTM*232*20130717~DTM*233*20130717~DTM*050*20130725~AMT*AU*78.8~SVC*HC:S5125*78.8*78.8*0572*20~DTM*472*20130717~AMT*B6*78.8~CLP*2515950012011960*1*78.8*78.8**16*0725201300754~NM1*QC*1*Bustamente*Gabriel****MI*93702523200~NM1*82*2*Sunnyside Citywide Home Care Services*****XX*1154407492~DTM*232*20130718~DTM*233*20130718~DTM*050*20130725~AMT*AU*78.8~SVC*HC:S5125*78.8*78.8*0572*20~DTM*472*20130718~AMT*B6*78.8~CLP*2515950012011960*1*78.8*78.8**16*0725201300755~NM1*QC*1*Bustamente*Gabriel****MI*93702523200~NM1*82*2*Sunnyside Citywide Home Care Services*****XX*1154407492~DTM*232*20130719~DTM*233*20130719~DTM*050*20130725~AMT*AU*78.8~SVC*HC:S5125*78.8*78.8*0572*20~DTM*472*20130719~AMT*B6*78.8~CLP*2516020012002769*1*94.56*94.56**16*0725201300787~NM1*QC*1*Cepeda*Tomasa****MI*93700964900~NM1*82*2*Sunnyside Citywide Home Care Services*****XX*1154407492~DTM*232*20130715~DTM*233*20130715~DTM*050*20130725~AMT*AU*94.56~SVC*HC:S5125*94.56*94.56*0572*24~DTM*472*20130715~AMT*B6*94.56~CLP*2516020012002769*1*94.56*94.56**16*0725201300788~NM1*QC*1*Cepeda*Tomasa****MI*93700964900~NM1*82*2*Sunnyside Citywide Home Care Services*****XX*1154407492~DTM*232*20130716~DTM*233*20130716~DTM*050*20130725~AMT*AU*94.56~SVC*HC:S5125*94.56*94.56*0572*24~DTM*472*20130716~AMT*B6*94.56~CLP*2516020012002769*1*94.56*94.56**16*0725201300789~NM1*QC*1*Cepeda*Tomasa****MI*93700964900~NM1*82*2*Sunnyside Citywide Home Care Services*****XX*1154407492~DTM*232*20130717~DTM*233*20130717~DTM*050*20130725~AMT*AU*94.56~SVC*HC:S5125*94.56*94.56*0572*24~DTM*472*20130717~AMT*B6*94.56~CLP*2516020012002769*1*78.8*78.8**16*0725201300790~NM1*QC*1*Cepeda*Tomasa****MI*93700964900~NM1*82*2*Sunnyside Citywide Home Care Services*****XX*1154407492~DTM*232*20130718~DTM*233*20130718~DTM*050*20130725~AMT*AU*78.8~SVC*HC:S5125*78.8*78.8*0572*20~DTM*472*20130718~AMT*B6*78.8~CLP*2516020012002769*1*78.8*78.8**16*0725201300791~NM1*QC*1*Cepeda*Tomasa****MI*93700964900~NM1*82*2*Sunnyside Citywide Home Care Services*****XX*1154407492~DTM*232*20130719~DTM*233*20130719~DTM*050*20130725~AMT*AU*78.8~SVC*HC:S5125*78.8*78.8*0572*20~DTM*472*20130719~AMT*B6*78.8~CLP*2516540012011848*1*63.04*63.04**16*0725201301061~NM1*QC*1*Lanzilotta*Rosa****MI*93702509600~NM1*82*2*Sunnyside Citywide Home Care Services*****XX*1154407492~DTM*232*20130713~DTM*233*20130713~DTM*050*20130725~AMT*AU*63.04~SVC*HC:S5125*63.04*63.04*0572*16~DTM*472*20130713~AMT*B6*63.04~CLP*2516540012011848*1*63.04*63.04**16*0725201301062~NM1*QC*1*Lanzilotta*Rosa****MI*93702509600~NM1*82*2*Sunnyside Citywide Home Care Services*****XX*1154407492~DTM*232*20130714~DTM*233*20130714~DTM*050*20130725~AMT*AU*63.04~SVC*HC:S5125*63.04*63.04*0572*16~DTM*472*20130714~AMT*B6*63.04~CLP*2516540012011848*1*126.08*126.08**16*0725201301063~NM1*QC*1*Lanzilotta*Rosa****MI*93702509600~NM1*82*2*Sunnyside Citywide Home Care Services*****XX*1154407492~DTM*232*20130715~DTM*233*20130715~DTM*050*20130725~AMT*AU*126.08~SVC*HC:S5125*126.08*126.08*0572*32~DTM*472*20130715~AMT*B6*126.08~CLP*2516540012011848*1*47.28*47.28**16*0725201301064~NM1*QC*1*Lanzilotta*Rosa****MI*93702509600~NM1*82*2*Sunnyside Citywide Home Care Services*****XX*1154407492~DTM*232*20130716~DTM*233*20130716~DTM*050*20130725~AMT*AU*47.28~SVC*HC:S5125*47.28*47.28*0572*12~DTM*472*20130716~AMT*B6*47.28~CLP*2516540012011848*1*126.08*126.08**16*0725201301065~NM1*QC*1*Lanzilotta*Rosa****MI*93702509600~NM1*82*2*Sunnyside Citywide Home Care Services*****XX*1154407492~DTM*232*20130717~DTM*233*20130717~DTM*050*20130725~AMT*AU*126.08~SVC*HC:S5125*126.08*126.08*0572*32~DTM*472*20130717~AMT*B6*126.08~CLP*2516540012011848*1*126.08*126.08**16*0725201301066~NM1*QC*1*Lanzilotta*Rosa****MI*93702509600~NM1*82*2*Sunnyside Citywide Home Care Services*****XX*1154407492~DTM*232*20130718~DTM*233*20130718~DTM*050*20130725~AMT*AU*126.08~SVC*HC:S5125*126.08*126.08*0572*32~DTM*472*20130718~AMT*B6*126.08~CLP*2516540012011848*1*126.08*126.08**16*0725201301067~NM1*QC*1*Lanzilotta*Rosa****MI*93702509600~NM1*82*2*Sunnyside Citywide Home Care Services*****XX*1154407492~DTM*232*20130719~DTM*233*20130719~DTM*050*20130725~AMT*AU*126.08~SVC*HC:S5125*126.08*126.08*0572*32~DTM*472*20130719~AMT*B6*126.08~CLP*2516610012011845*1*63.04*63.04**16*0725201301103~NM1*QC*1*Lugo*Dolores****MI*93702878100~NM1*82*2*Sunnyside Citywide Home Care Services*****XX*1154407492~DTM*232*20130716~DTM*233*20130716~DTM*050*20130725~AMT*AU*63.04~SVC*HC:S5125*63.04*63.04*0572*16~DTM*472*20130716~AMT*B6*63.04~CLP*2516610012011845*1*63.04*63.04**16*0725201301104~NM1*QC*1*Lugo*Dolores****MI*93702878100~NM1*82*2*Sunnyside Citywide Home Care Services*****XX*1154407492~DTM*232*20130717~DTM*233*20130717~DTM*050*20130725~AMT*AU*63.04~SVC*HC:S5125*63.04*63.04*0572*16~DTM*472*20130717~AMT*B6*63.04~CLP*2516610012011845*1*63.04*63.04**16*0725201301105~NM1*QC*1*Lugo*Dolores****MI*93702878100~NM1*82*2*Sunnyside Citywide Home Care Services*****XX*1154407492~DTM*232*20130718~DTM*233*20130718~DTM*050*20130725~AMT*AU*63.04~SVC*HC:S5125*63.04*63.04*0572*16~DTM*472*20130718~AMT*B6*63.04~CLP*2516680012011965*1*82.74*82.74**16*0725201301143~NM1*QC*1*Mateo*Rafael****MI*93704189600~NM1*82*2*Sunnyside Citywide Home Care Services*****XX*1154407492~DTM*232*20130713~DTM*233*20130713~DTM*050*20130725~AMT*AU*82.74~SVC*HC:S5125*82.74*82.74*0572*21~DTM*472*20130713~AMT*B6*82.74~CLP*2516680012011965*1*94.56*94.56**16*0725201301144~NM1*QC*1*Mateo*Rafael****MI*93704189600~NM1*82*2*Sunnyside Citywide Home Care Services*****XX*1154407492~DTM*232*20130714~DTM*233*20130714~DTM*050*20130725~AMT*AU*94.56~SVC*HC:S5125*94.56*94.56*0572*24~DTM*472*20130714~AMT*B6*94.56~CLP*2516680012011965*1*110.32*110.32**16*0725201301145~NM1*QC*1*Mateo*Rafael****MI*93704189600~NM1*82*2*Sunnyside Citywide Home Care Services*****XX*1154407492~DTM*232*20130715~DTM*233*20130715~DTM*050*20130725~AMT*AU*110.32~SVC*HC:S5125*110.32*110.32*0572*28~DTM*472*20130715~AMT*B6*110.32~CLP*2516680012011965*1*110.32*110.32**16*0725201301146~NM1*QC*1*Mateo*Rafael****MI*93704189600~NM1*82*2*Sunnyside Citywide Home Care Services*****XX*1154407492~DTM*232*20130716~DTM*233*20130716~DTM*050*20130725~AMT*AU*110.32~SVC*HC:S5125*110.32*110.32*0572*28~DTM*472*20130716~AMT*B6*110.32~CLP*2516680012011965*1*110.32*110.32**16*0725201301147~NM1*QC*1*Mateo*Rafael****MI*93704189600~NM1*82*2*Sunnyside Citywide Home Care Services*****XX*1154407492~DTM*232*20130717~DTM*233*20130717~DTM*050*20130725~AMT*AU*110.32~SVC*HC:S5125*110.32*110.32*0572*28~DTM*472*20130717~AMT*B6*110.32~CLP*2516680012011965*1*110.32*110.32**16*0725201301148~NM1*QC*1*Mateo*Rafael****MI*93704189600~NM1*82*2*Sunnyside Citywide Home Care Services*****XX*1154407492~DTM*232*20130718~DTM*233*20130718~DTM*050*20130725~AMT*AU*110.32~SVC*HC:S5125*110.32*110.32*0572*28~DTM*472*20130718~AMT*B6*110.32~CLP*2516680012011965*1*126.08*126.08**16*0725201301149~NM1*QC*1*Mateo*Rafael****MI*93704189600~NM1*82*2*Sunnyside Citywide Home Care Services*****XX*1154407492~DTM*232*20130719~DTM*233*20130719~DTM*050*20130725~AMT*AU*126.08~SVC*HC:S5125*126.08*126.08*0572*32~DTM*472*20130719~AMT*B6*126.08~CLP*2516880012011916*1*110.32*110.32**16*0725201301246~NM1*QC*1*Ortiz*Anthony****MI*93700799800~NM1*82*2*Sunnyside Citywide Home Care Services*****XX*1154407492~DTM*232*20130713~DTM*233*20130713~DTM*050*20130725~AMT*AU*110.32~SVC*HC:S5125*110.32*110.32*0572*28~DTM*472*20130713~AMT*B6*110.32~CLP*2516880012011916*1*110.32*110.32**16*0725201301247~NM1*QC*1*Ortiz*Anthony****MI*93700799800~NM1*82*2*Sunnyside Citywide Home Care Services*****XX*1154407492~DTM*232*20130715~DTM*233*20130715~DTM*050*20130725~AMT*AU*110.32~SVC*HC:S5125*110.32*110.32*0572*28~DTM*472*20130715~AMT*B6*110.32~CLP*2516880012011916*1*110.32*110.32**16*0725201301248~NM1*QC*1*Ortiz*Anthony****MI*93700799800~NM1*82*2*Sunnyside Citywide Home Care Services*****XX*1154407492~DTM*232*20130716~DTM*233*20130716~DTM*050*20130725~AMT*AU*110.32~SVC*HC:S5125*110.32*110.32*0572*28~DTM*472*20130716~AMT*B6*110.32~CLP*2516880012011916*1*110.32*110.32**16*0725201301249~NM1*QC*1*Ortiz*Anthony****MI*93700799800~NM1*82*2*Sunnyside Citywide Home Care Services*****XX*1154407492~DTM*232*20130717~DTM*233*20130717~DTM*050*20130725~AMT*AU*110.32~SVC*HC:S5125*110.32*110.32*0572*28~DTM*472*20130717~AMT*B6*110.32~CLP*2516880012011916*1*110.32*110.32**16*0725201301250~NM1*QC*1*Ortiz*Anthony****MI*93700799800~NM1*82*2*Sunnyside Citywide Home Care Services*****XX*1154407492~DTM*232*20130718~DTM*233*20130718~DTM*050*20130725~AMT*AU*110.32~SVC*HC:S5125*110.32*110.32*0572*28~DTM*472*20130718~AMT*B6*110.32~CLP*2516880012011916*1*110.32*110.32**16*0725201301251~NM1*QC*1*Ortiz*Anthony****MI*93700799800~NM1*82*2*Sunnyside Citywide Home Care Services*****XX*1154407492~DTM*232*20130719~DTM*233*20130719~DTM*050*20130725~AMT*AU*110.32~SVC*HC:S5125*110.32*110.32*0572*28~DTM*472*20130719~AMT*B6*110.32~CLP*2516990012009232*1*94.56*94.56**16*0725201301313~NM1*QC*1*Perez*Maria****MI*93703475500~NM1*82*2*Sunnyside Citywide Home Care Services*****XX*1154407492~DTM*232*20130704~DTM*233*20130704~DTM*050*20130725~AMT*AU*94.56~SVC*HC:T1019*94.56*94.56*0572*24~DTM*472*20130704~AMT*B6*94.56~CLP*2516990012009232*1*94.56*94.56**16*0725201301314~NM1*QC*1*Perez*Maria****MI*93703475500~NM1*82*2*Sunnyside Citywide Home Care Services*****XX*1154407492~DTM*232*20130715~DTM*233*20130715~DTM*050*20130725~AMT*AU*94.56~SVC*HC:T1019*94.56*94.56*0572*24~DTM*472*20130715~AMT*B6*94.56~CLP*2516990012009232*1*94.56*94.56**16*0725201301315~NM1*QC*1*Perez*Maria****MI*93703475500~NM1*82*2*Sunnyside Citywide Home Care Services*****XX*1154407492~DTM*232*20130716~DTM*233*20130716~DTM*050*20130725~AMT*AU*94.56~SVC*HC:T1019*94.56*94.56*0572*24~DTM*472*20130716~AMT*B6*94.56~CLP*2516990012009232*1*94.56*94.56**16*0725201301316~NM1*QC*1*Perez*Maria****MI*93703475500~NM1*82*2*Sunnyside Citywide Home Care Services*****XX*1154407492~DTM*232*20130717~DTM*233*20130717~DTM*050*20130725~AMT*AU*94.56~SVC*HC:T1019*94.56*94.56*0572*24~DTM*472*20130717~AMT*B6*94.56~CLP*2516990012009232*1*94.56*94.56**16*0725201301317~NM1*QC*1*Perez*Maria****MI*93703475500~NM1*82*2*Sunnyside Citywide Home Care Services*****XX*1154407492~DTM*232*20130718~DTM*233*20130718~DTM*050*20130725~AMT*AU*94.56~SVC*HC:T1019*94.56*94.56*0572*24~DTM*472*20130718~AMT*B6*94.56~CLP*2516990012009232*1*94.56*94.56**16*0725201301318~NM1*QC*1*Perez*Maria****MI*93703475500~NM1*82*2*Sunnyside Citywide Home Care Services*****XX*1154407492~DTM*232*20130719~DTM*233*20130719~DTM*050*20130725~AMT*AU*94.56~SVC*HC:T1019*94.56*94.56*0572*24~DTM*472*20130719~AMT*B6*94.56~CLP*2517010012002109*1*83.8*83.8**16*0725201301326~NM1*QC*1*Proano*Alicia****MI*93700845900~NM1*82*2*Sunnyside Citywide Home Care Services*****XX*1154407492~DTM*232*20130713~DTM*233*20130713~DTM*050*20130725~AMT*AU*83.8~SVC*HC:S5125:TT*83.8*83.8*0572*20~DTM*472*20130713~AMT*B6*83.8~CLP*2517010012002109*1*83.8*83.8**16*0725201301327~NM1*QC*1*Proano*Alicia****MI*93700845900~NM1*82*2*Sunnyside Citywide Home Care Services*****XX*1154407492~DTM*232*20130714~DTM*233*20130714~DTM*050*20130725~AMT*AU*83.8~SVC*HC:S5125:TT*83.8*83.8*0572*20~DTM*472*20130714~AMT*B6*83.8~CLP*2517010012002109*1*83.8*83.8**16*0725201301328~NM1*QC*1*Proano*Alicia****MI*93700845900~NM1*82*2*Sunnyside Citywide Home Care Services*****XX*1154407492~DTM*232*20130715~DTM*233*20130715~DTM*050*20130725~AMT*AU*83.8~SVC*HC:S5125:TT*83.8*83.8*0572*20~DTM*472*20130715~AMT*B6*83.8~CLP*2517010012002109*1*83.8*83.8**16*0725201301329~NM1*QC*1*Proano*Alicia****MI*93700845900~NM1*82*2*Sunnyside Citywide Home Care Services*****XX*1154407492~DTM*232*20130716~DTM*233*20130716~DTM*050*20130725~AMT*AU*83.8~SVC*HC:S5125:TT*83.8*83.8*0572*20~DTM*472*20130716~AMT*B6*83.8~CLP*2517010012002109*1*83.8*83.8**16*0725201301330~NM1*QC*1*Proano*Alicia****MI*93700845900~NM1*82*2*Sunnyside Citywide Home Care Services*****XX*1154407492~DTM*232*20130717~DTM*233*20130717~DTM*050*20130725~AMT*AU*83.8~SVC*HC:S5125:TT*83.8*83.8*0572*20~DTM*472*20130717~AMT*B6*83.8~CLP*2517010012002109*1*83.8*83.8**16*0725201301331~NM1*QC*1*Proano*Alicia****MI*93700845900~NM1*82*2*Sunnyside Citywide Home Care Services*****XX*1154407492~DTM*232*20130718~DTM*233*20130718~DTM*050*20130725~AMT*AU*83.8~SVC*HC:S5125:TT*83.8*83.8*0572*20~DTM*472*20130718~AMT*B6*83.8~CLP*2517010012002109*1*83.8*83.8**16*0725201301332~NM1*QC*1*Proano*Alicia****MI*93700845900~NM1*82*2*Sunnyside Citywide Home Care Services*****XX*1154407492~DTM*232*20130719~DTM*233*20130719~DTM*050*20130725~AMT*AU*83.8~SVC*HC:S5125:TT*83.8*83.8*0572*20~DTM*472*20130719~AMT*B6*83.8~CLP*2517320012011859*1*110.32*110.32**16*0725201301509~NM1*QC*1*Santiago*Iveth****MI*93703401100~NM1*82*2*Sunnyside Citywide Home Care Services*****XX*1154407492~DTM*232*20130713~DTM*233*20130713~DTM*050*20130725~AMT*AU*110.32~SVC*HC:S5125*110.32*110.32*0572*28~DTM*472*20130713~AMT*B6*110.32~CLP*2517320012011859*1*110.32*110.32**16*0725201301510~NM1*QC*1*Santiago*Iveth****MI*93703401100~NM1*82*2*Sunnyside Citywide Home Care Services*****XX*1154407492~DTM*232*20130714~DTM*233*20130714~DTM*050*20130725~AMT*AU*110.32~SVC*HC:S5125*110.32*110.32*0572*28~DTM*472*20130714~AMT*B6*110.32~CLP*2517320012011859*1*110.32*110.32**16*0725201301511~NM1*QC*1*Santiago*Iveth****MI*93703401100~NM1*82*2*Sunnyside Citywide Home Care Services*****XX*1154407492~DTM*232*20130715~DTM*233*20130715~DTM*050*20130725~AMT*AU*110.32~SVC*HC:S5125*110.32*110.32*0572*28~DTM*472*20130715~AMT*B6*110.32~CLP*2517320012011859*1*110.32*110.32**16*0725201301512~NM1*QC*1*Santiago*Iveth****MI*93703401100~NM1*82*2*Sunnyside Citywide Home Care Services*****XX*1154407492~DTM*232*20130716~DTM*233*20130716~DTM*050*20130725~AMT*AU*110.32~SVC*HC:S5125*110.32*110.32*0572*28~DTM*472*20130716~AMT*B6*110.32~CLP*2517320012011859*1*110.32*110.32**16*0725201301513~NM1*QC*1*Santiago*Iveth****MI*93703401100~NM1*82*2*Sunnyside Citywide Home Care Services*****XX*1154407492~DTM*232*20130717~DTM*233*20130717~DTM*050*20130725~AMT*AU*110.32~SVC*HC:S5125*110.32*110.32*0572*28~DTM*472*20130717~AMT*B6*110.32~CLP*2517320012011859*1*110.32*110.32**16*0725201301514~NM1*QC*1*Santiago*Iveth****MI*93703401100~NM1*82*2*Sunnyside Citywide Home Care Services*****XX*1154407492~DTM*232*20130718~DTM*233*20130718~DTM*050*20130725~AMT*AU*110.32~SVC*HC:S5125*110.32*110.32*0572*28~DTM*472*20130718~AMT*B6*110.32~CLP*2517320012011859*1*110.32*110.32**16*0725201301515~NM1*QC*1*Santiago*Iveth****MI*93703401100~NM1*82*2*Sunnyside Citywide Home Care Services*****XX*1154407492~DTM*232*20130719~DTM*233*20130719~DTM*050*20130725~AMT*AU*110.32~SVC*HC:S5125*110.32*110.32*0572*28~DTM*472*20130719~AMT*B6*110.32~CLP*2517330012011788*1*67.04*67.04**16*0725201301516~NM1*QC*1*Santiago*Victorio****MI*93701469700~NM1*82*2*Sunnyside Citywide Home Care Services*****XX*1154407492~DTM*232*20130716~DTM*233*20130716~DTM*050*20130725~AMT*AU*67.04~SVC*HC:T1019:TT*67.04*67.04*0572*16~DTM*472*20130716~AMT*B6*67.04~CLP*2517380012013226*1*200*200**16*0725201301535~NM1*QC*1*Swaby*Clarence****MI*93704635800~NM1*82*2*Sunnyside Citywide Home Care Services*****XX*1154407492~DTM*232*20130713~DTM*233*20130713~DTM*050*20130725~AMT*AU*200~SVC*HC:T1020*200*200*0572*1~DTM*472*20130713~AMT*B6*200~CLP*2517380012013226*1*200*200**16*0725201301536~NM1*QC*1*Swaby*Clarence****MI*93704635800~NM1*82*2*Sunnyside Citywide Home Care Services*****XX*1154407492~DTM*232*20130714~DTM*233*20130714~DTM*050*20130725~AMT*AU*200~SVC*HC:T1020*200*200*0572*1~DTM*472*20130714~AMT*B6*200~CLP*2517380012013226*1*200*200**16*0725201301537~NM1*QC*1*Swaby*Clarence****MI*93704635800~NM1*82*2*Sunnyside Citywide Home Care Services*****XX*1154407492~DTM*232*20130715~DTM*233*20130715~DTM*050*20130725~AMT*AU*200~SVC*HC:T1020*200*200*0572*1~DTM*472*20130715~AMT*B6*200~CLP*2517380012013226*1*200*200**16*0725201301538~NM1*QC*1*Swaby*Clarence****MI*93704635800~NM1*82*2*Sunnyside Citywide Home Care Services*****XX*1154407492~DTM*232*20130716~DTM*233*20130716~DTM*050*20130725~AMT*AU*200~SVC*HC:T1020*200*200*0572*1~DTM*472*20130716~AMT*B6*200~CLP*2517380012013226*1*200*200**16*0725201301539~NM1*QC*1*Swaby*Clarence****MI*93704635800~NM1*82*2*Sunnyside Citywide Home Care Services*****XX*1154407492~DTM*232*20130717~DTM*233*20130717~DTM*050*20130725~AMT*AU*200~SVC*HC:T1020*200*200*0572*1~DTM*472*20130717~AMT*B6*200~CLP*2517380012013226*1*200*200**16*0725201301540~NM1*QC*1*Swaby*Clarence****MI*93704635800~NM1*82*2*Sunnyside Citywide Home Care Services*****XX*1154407492~DTM*232*20130718~DTM*233*20130718~DTM*050*20130725~AMT*AU*200~SVC*HC:T1020*200*200*0572*1~DTM*472*20130718~AMT*B6*200~CLP*2517380012013226*1*200*200**16*0725201301541~NM1*QC*1*Swaby*Clarence****MI*93704635800~NM1*82*2*Sunnyside Citywide Home Care Services*****XX*1154407492~DTM*232*20130719~DTM*233*20130719~DTM*050*20130725~AMT*AU*200~SVC*HC:T1020*200*200*0572*1~DTM*472*20130719~AMT*B6*200~CLP*2517430012011983*1*63.04*63.04**16*0725201301566~NM1*QC*1*Toussaint*Miguel****MI*93702919600~NM1*82*2*Sunnyside Citywide Home Care Services*****XX*1154407492~DTM*232*20130713~DTM*233*20130713~DTM*050*20130725~AMT*AU*63.04~SVC*HC:S5125*63.04*63.04*0572*16~DTM*472*20130713~AMT*B6*63.04~CLP*2517430012011983*1*63.04*63.04**16*0725201301567~NM1*QC*1*Toussaint*Miguel****MI*93702919600~NM1*82*2*Sunnyside Citywide Home Care Services*****XX*1154407492~DTM*232*20130714~DTM*233*20130714~DTM*050*20130725~AMT*AU*63.04~SVC*HC:S5125*63.04*63.04*0572*16~DTM*472*20130714~AMT*B6*63.04~CLP*2517430012011983*1*78.8*78.8**16*0725201301568~NM1*QC*1*Toussaint*Miguel****MI*93702919600~NM1*82*2*Sunnyside Citywide Home Care Services*****XX*1154407492~DTM*232*20130715~DTM*233*20130715~DTM*050*20130725~AMT*AU*78.8~SVC*HC:S5125*78.8*78.8*0572*20~DTM*472*20130715~AMT*B6*78.8~CLP*2517430012011983*1*78.8*78.8**16*0725201301569~NM1*QC*1*Toussaint*Miguel****MI*93702919600~NM1*82*2*Sunnyside Citywide Home Care Services*****XX*1154407492~DTM*232*20130716~DTM*233*20130716~DTM*050*20130725~AMT*AU*78.8~SVC*HC:S5125*78.8*78.8*0572*20~DTM*472*20130716~AMT*B6*78.8~CLP*2517430012011983*1*78.8*78.8**16*0725201301570~NM1*QC*1*Toussaint*Miguel****MI*93702919600~NM1*82*2*Sunnyside Citywide Home Care Services*****XX*1154407492~DTM*232*20130717~DTM*233*20130717~DTM*050*20130725~AMT*AU*78.8~SVC*HC:S5125*78.8*78.8*0572*20~DTM*472*20130717~AMT*B6*78.8~CLP*2517430012011983*1*78.8*78.8**16*0725201301571~NM1*QC*1*Toussaint*Miguel****MI*93702919600~NM1*82*2*Sunnyside Citywide Home Care Services*****XX*1154407492~DTM*232*20130718~DTM*233*20130718~DTM*050*20130725~AMT*AU*78.8~SVC*HC:S5125*78.8*78.8*0572*20~DTM*472*20130718~AMT*B6*78.8~CLP*2517430012011983*1*78.8*78.8**16*0725201301572~NM1*QC*1*Toussaint*Miguel****MI*93702919600~NM1*82*2*Sunnyside Citywide Home Care Services*****XX*1154407492~DTM*232*20130719~DTM*233*20130719~DTM*050*20130725~AMT*AU*78.8~SVC*HC:S5125*78.8*78.8*0572*20~DTM*472*20130719~AMT*B6*78.8~CLP*2517480012011982*1*200*200**16*0725201301597~NM1*QC*1*Vega*Adelaida****MI*93702952000~NM1*82*2*Sunnyside Citywide Home Care Services*****XX*1154407492~DTM*232*20130713~DTM*233*20130713~DTM*050*20130725~AMT*AU*200~SVC*HC:S5126*200*200*0572*1~DTM*472*20130713~AMT*B6*200~CLP*2517480012011982*1*200*200**16*0725201301598~NM1*QC*1*Vega*Adelaida****MI*93702952000~NM1*82*2*Sunnyside Citywide Home Care Services*****XX*1154407492~DTM*232*20130714~DTM*233*20130714~DTM*050*20130725~AMT*AU*200~SVC*HC:S5126*200*200*0572*1~DTM*472*20130714~AMT*B6*200~CLP*2517480012011982*1*200*200**16*0725201301599~NM1*QC*1*Vega*Adelaida****MI*93702952000~NM1*82*2*Sunnyside Citywide Home Care Services*****XX*1154407492~DTM*232*20130715~DTM*233*20130715~DTM*050*20130725~AMT*AU*200~SVC*HC:S5126*200*200*0572*1~DTM*472*20130715~AMT*B6*200~CLP*2517480012011982*1*200*200**16*0725201301601~NM1*QC*1*Vega*Adelaida****MI*93702952000~NM1*82*2*Sunnyside Citywide Home Care Services*****XX*1154407492~DTM*232*20130716~DTM*233*20130716~DTM*050*20130725~AMT*AU*200~SVC*HC:S5126*200*200*0572*1~DTM*472*20130716~AMT*B6*200~CLP*2517480012011982*1*200*200**16*0725201301602~NM1*QC*1*Vega*Adelaida****MI*93702952000~NM1*82*2*Sunnyside Citywide Home Care Services*****XX*1154407492~DTM*232*20130717~DTM*233*20130717~DTM*050*20130725~AMT*AU*200~SVC*HC:S5126*200*200*0572*1~DTM*472*20130717~AMT*B6*200~CLP*2517480012011982*1*200*200**16*0725201301603~NM1*QC*1*Vega*Adelaida****MI*93702952000~NM1*82*2*Sunnyside Citywide Home Care Services*****XX*1154407492~DTM*232*20130718~DTM*233*20130718~DTM*050*20130725~AMT*AU*200~SVC*HC:S5126*200*200*0572*1~DTM*472*20130718~AMT*B6*200~CLP*2517480012011982*1*200*200**16*0725201301604~NM1*QC*1*Vega*Adelaida****MI*93702952000~NM1*82*2*Sunnyside Citywide Home Care Services*****XX*1154407492~DTM*232*20130719~DTM*233*20130719~DTM*050*20130725~AMT*AU*200~SVC*HC:S5126*200*200*0572*1~DTM*472*20130719~AMT*B6*200~CLP*2517520012012077*1*31.52*31.52**16*0725201301627~NM1*QC*1*Ward*Althea****MI*93703608100~NM1*82*2*Sunnyside Citywide Home Care Services*****XX*1154407492~DTM*232*20130715~DTM*233*20130715~DTM*050*20130725~AMT*AU*31.52~SVC*HC:S5125*31.52*31.52*0572*8~DTM*472*20130715~AMT*B6*31.52~CLP*2517520012012077*1*31.52*31.52**16*0725201301628~NM1*QC*1*Ward*Althea****MI*93703608100~NM1*82*2*Sunnyside Citywide Home Care Services*****XX*1154407492~DTM*232*20130716~DTM*233*20130716~DTM*050*20130725~AMT*AU*31.52~SVC*HC:S5125*31.52*31.52*0572*8~DTM*472*20130716~AMT*B6*31.52~CLP*2517520012012077*1*31.52*31.52**16*0725201301629~NM1*QC*1*Ward*Althea****MI*93703608100~NM1*82*2*Sunnyside Citywide Home Care Services*****XX*1154407492~DTM*232*20130717~DTM*233*20130717~DTM*050*20130725~AMT*AU*31.52~SVC*HC:S5125*31.52*31.52*0572*8~DTM*472*20130717~AMT*B6*31.52~CLP*2517520012012077*1*31.52*31.52**16*0725201301630~NM1*QC*1*Ward*Althea****MI*93703608100~NM1*82*2*Sunnyside Citywide Home Care Services*****XX*1154407492~DTM*232*20130718~DTM*233*20130718~DTM*050*20130725~AMT*AU*31.52~SVC*HC:S5125*31.52*31.52*0572*8~DTM*472*20130718~AMT*B6*31.52~CLP*2517520012012077*1*31.52*31.52**16*0725201301631~NM1*QC*1*Ward*Althea****MI*93703608100~NM1*82*2*Sunnyside Citywide Home Care Services*****XX*1154407492~DTM*232*20130719~DTM*233*20130719~DTM*050*20130725~AMT*AU*31.52~SVC*HC:S5125*31.52*31.52*0572*8~DTM*472*20130719~AMT*B6*31.52~SE*874*00001~GE*1*1~IEA*1*000171584~