ISA*00*          *00*          *ZZ*ELDERSERVE     *ZZ*SUNNYEL        *131016*1103*^*00501*000108333*0*P*:~GS*HP*ELDERSERVE*SUNNYEL*20131016*1103*1*X*005010X221A1~ST*835*00001~BPR*I*799.02*C*CHK************20131016~TRN*1*23357*1999999999~DTM*405*20131016~N1*PR*Elder Serve Health, Inc.~N3*5901 Palisade Ave.~N4*Riverdale*NY*10471~PER*CX*Susan Aldrich*TE*9999999999~PER*BL*Susan Aldrich*TE*9999999999~N1*PE*Sunnyside Citywide HomeCare Services*FI*113502051~N3*43-31 39th Street~N4*Sunnyside*NY*11104~LX*1~CLP*2600430012013815SUP*4*363*0**16*0930201316302~NM1*QC*1*Meyster*Lyubov****MI*00002862300~NM1*82*2*Sunnyside Citywide Home Care Services*****XX*1154407492~DTM*232*20130916~DTM*233*20130920~DTM*050*20130930~AMT*AU*363~SVC*HC:T1019*72.6*0*0671*0~DTM*472*20130916~CAS*OA*15*72.6~AMT*B6*72.6~SVC*HC:T1019*72.6*0*0671*0~DTM*472*20130917~CAS*OA*15*72.6~AMT*B6*72.6~SVC*HC:T1019*72.6*0*0671*0~DTM*472*20130918~CAS*OA*15*72.6~AMT*B6*72.6~SVC*HC:T1019*72.6*0*0671*0~DTM*472*20130919~CAS*OA*15*72.6~AMT*B6*72.6~SVC*HC:T1019*72.6*0*0671*0~DTM*472*20130920~CAS*OA*15*72.6~AMT*B6*72.6~LX*2~CLP*2621250012013814SUP*1*799.02*799.02**16*1010201310601~NM1*QC*1*Bean*Elmira****MI*00001678800~NM1*82*2*Sunnyside Citywide Home Care Services*****XX*1154407492~DTM*232*20130928~DTM*233*20131004~DTM*050*20131010~AMT*AU*799.02~SVC*HC:T1019*116.16*116.16*0671*32~DTM*472*20130928~AMT*B6*116.16~SVC*HC:T1019*94.38*94.38*0671*26~DTM*472*20130929~AMT*B6*94.38~SVC*HC:T1019*116.16*116.16*0671*32~DTM*472*20130930~AMT*B6*116.16~SVC*HC:T1019*118.08*118.08*0671*32~DTM*472*20131001~AMT*B6*118.08~SVC*HC:T1019*118.08*118.08*0671*32~DTM*472*20131002~AMT*B6*118.08~SVC*HC:T1019*118.08*118.08*0671*32~DTM*472*20131003~AMT*B6*118.08~SVC*HC:T1019*118.08*118.08*0671*32~DTM*472*20131004~AMT*B6*118.08~SE*70*00001~GE*1*1~IEA*1*000108333~