ISA*00*          *00*          *ZZ*ELDERSERVE     *ZZ*SUNNYEL        *130821*1535*^*00501*000104670*0*P*:~GS*HP*ELDERSERVE*SUNNYEL*20130821*1535*1*X*005010X221A1~ST*835*00001~BPR*I*1740.5*C*CHK************20130821~TRN*1*20519*1999999999~DTM*405*20130821~N1*PR*Elder Serve Health, Inc.~N3*5901 Palisade Ave.~N4*Riverdale*NY*10471~PER*CX*Susan Aldrich*TE*9999999999~PER*BL*Susan Aldrich*TE*9999999999~N1*PE*Sunnyside Citywide HomeCare Services*FI*113502051~N3*43-31 39th Street~N4*Sunnyside*NY*11104~LX*1~CLP*2540210012013814SUP*1*363*363**16*0814201324501~NM1*QC*1*Bean*Elmira****MI*00001678800~NM1*82*2*Sunnyside Citywide Home Care Services*****XX*1154407492~DTM*232*20130729~DTM*233*20130802~DTM*050*20130814~AMT*AU*363~SVC*HC:T1019*72.6*72.6*0671*20~DTM*472*20130729~AMT*B6*72.6~SVC*HC:T1019*72.6*72.6*0671*20~DTM*472*20130730~AMT*B6*72.6~SVC*HC:T1019*72.6*72.6*0671*20~DTM*472*20130731~AMT*B6*72.6~SVC*HC:T1019*72.6*72.6*0671*20~DTM*472*20130801~AMT*B6*72.6~SVC*HC:T1019*72.6*72.6*0671*20~DTM*472*20130802~AMT*B6*72.6~LX*2~CLP*0251934*1*290*290**16*0815201306601~NM1*QC*1*Meyster*Lyubov****MI*00002862300~NM1*82*2*Sunnyside Citywide Home Care Services*****XX*1154407492~DTM*232*20130713~DTM*233*20130719~DTM*050*20130815~AMT*AU*290~SVC*HC:S5125*72.5*72.5**20~DTM*472*20130715~AMT*B6*72.5~SVC*HC:S5125*72.5*72.5**20~DTM*472*20130716~AMT*B6*72.5~SVC*HC:S5125*72.5*72.5**20~DTM*472*20130717~AMT*B6*72.5~SVC*HC:S5125*72.5*72.5**20~DTM*472*20130718~AMT*B6*72.5~CLP*0251933*1*362.5*362.5**16*0815201306901~NM1*QC*1*Bean*Elmira****MI*00001678800~NM1*82*2*Sunnyside Citywide Home Care Services*****XX*1154407492~DTM*232*20130713~DTM*233*20130719~DTM*050*20130815~AMT*AU*362.5~SVC*HC:T1019*72.5*72.5**20~DTM*472*20130715~AMT*B6*72.5~SVC*HC:T1019*72.5*72.5**20~DTM*472*20130716~AMT*B6*72.5~SVC*HC:T1019*72.5*72.5**20~DTM*472*20130717~AMT*B6*72.5~SVC*HC:T1019*72.5*72.5**20~DTM*472*20130718~AMT*B6*72.5~SVC*HC:T1019*72.5*72.5**20~DTM*472*20130719~AMT*B6*72.5~LX*3~CLP*0252801*1*362.5*362.5**16*0820201312701~NM1*QC*1*Meyster*Lyubov****MI*00002862300~NM1*82*2*Sunnyside Citywide Home Care Services*****XX*1154407492~DTM*232*20130722~DTM*233*20130726~DTM*050*20130820~AMT*AU*362.5~SVC*HC:S5125*72.5*72.5**20~DTM*472*20130722~AMT*B6*72.5~SVC*HC:S5125*72.5*72.5**20~DTM*472*20130723~AMT*B6*72.5~SVC*HC:S5125*72.5*72.5**20~DTM*472*20130724~AMT*B6*72.5~SVC*HC:S5125*72.5*72.5**20~DTM*472*20130725~AMT*B6*72.5~SVC*HC:S5125*72.5*72.5**20~DTM*472*20130726~AMT*B6*72.5~CLP*0252800*1*362.5*362.5**16*0820201315001~NM1*QC*1*Bean*Elmira****MI*00001678800~NM1*82*2*Sunnyside Citywide Home Care Services*****XX*1154407492~DTM*232*20130722~DTM*233*20130726~DTM*050*20130820~AMT*AU*362.5~SVC*HC:T1019*72.5*72.5**20~DTM*472*20130722~AMT*B6*72.5~SVC*HC:T1019*72.5*72.5**20~DTM*472*20130723~AMT*B6*72.5~SVC*HC:T1019*72.5*72.5**20~DTM*472*20130724~AMT*B6*72.5~SVC*HC:T1019*72.5*72.5**20~DTM*472*20130725~AMT*B6*72.5~SVC*HC:T1019*72.5*72.5**20~DTM*472*20130726~AMT*B6*72.5~SE*123*00001~GE*1*1~IEA*1*000104670~