ISA*00*          *00*          *ZZ*ELDERSERVE     *ZZ*SUNNYEL        *130911*1305*^*00501*000105991*0*P*:~GS*HP*ELDERSERVE*SUNNYEL*20130911*1305*1*X*005010X221A1~ST*835*00001~BPR*I*595.32*C*CHK************20130911~TRN*1*21666*1999999999~DTM*405*20130911~N1*PR*Elder Serve Health, Inc.~N3*5901 Palisade Ave.~N4*Riverdale*NY*10471~PER*CX*Susan Aldrich*TE*9999999999~PER*BL*Susan Aldrich*TE*9999999999~N1*PE*Sunnyside Citywide HomeCare Services*FI*113502051~N3*43-31 39th Street~N4*Sunnyside*NY*11104~LX*1~CLP*2547500012013815SUP*4*363*0**16*0819201317901~NM1*QC*1*Meyster*Lyubov****MI*00002862300~NM1*82*2*Sunnyside Citywide Home Care Services*****XX*1154407492~DTM*232*20130805~DTM*233*20130809~DTM*050*20130819~AMT*AU*363~SVC*HC:T1019*72.6*0*0671*0~DTM*472*20130805~CAS*OA*15*72.6~AMT*B6*72.6~SVC*HC:T1019*72.6*0*0671*0~DTM*472*20130806~CAS*OA*15*72.6~AMT*B6*72.6~SVC*HC:T1019*72.6*0*0671*0~DTM*472*20130807~CAS*OA*15*72.6~AMT*B6*72.6~SVC*HC:T1019*72.6*0*0671*0~DTM*472*20130808~CAS*OA*15*72.6~AMT*B6*72.6~SVC*HC:T1019*72.6*0*0671*0~DTM*472*20130809~CAS*OA*15*72.6~AMT*B6*72.6~LX*2~CLP*2556200012013815SUP*4*363*0**16*0823201319402~NM1*QC*1*Meyster*Lyubov****MI*00002862300~NM1*82*2*Sunnyside Citywide Home Care Services*****XX*1154407492~DTM*232*20130812~DTM*233*20130816~DTM*050*20130823~AMT*AU*363~SVC*HC:T1019*72.6*0*0671*0~DTM*472*20130812~CAS*OA*15*72.6~AMT*B6*72.6~SVC*HC:T1019*72.6*0*0671*0~DTM*472*20130813~CAS*OA*15*72.6~AMT*B6*72.6~SVC*HC:T1019*72.6*0*0671*0~DTM*472*20130814~CAS*OA*15*72.6~AMT*B6*72.6~SVC*HC:T1019*72.6*0*0671*0~DTM*472*20130815~CAS*OA*15*72.6~AMT*B6*72.6~SVC*HC:T1019*72.6*0*0671*0~DTM*472*20130816~CAS*OA*15*72.6~AMT*B6*72.6~LX*3~CLP*2572780012013814SUP*1*537.24*537.24**16*0905201309901~NM1*QC*1*Bean*Elmira****MI*00001678800~NM1*82*2*Sunnyside Citywide Home Care Services*****XX*1154407492~DTM*232*20130826~DTM*233*20130830~DTM*050*20130905~AMT*AU*537.24~SVC*HC:T1019*116.16*116.16*0671*32~DTM*472*20130826~AMT*B6*116.16~SVC*HC:T1019*116.16*116.16*0671*32~DTM*472*20130827~AMT*B6*116.16~SVC*HC:T1019*72.6*72.6*0671*20~DTM*472*20130828~AMT*B6*72.6~SVC*HC:T1019*116.16*116.16*0671*32~DTM*472*20130829~AMT*B6*116.16~SVC*HC:T1019*116.16*116.16*0671*32~DTM*472*20130830~AMT*B6*116.16~CLP*2572800012013860SUP*1*58.08*58.08**16*0905201309903~NM1*QC*1*Rodriguez*Maria****MI*00001769400~NM1*82*2*Sunnyside Citywide Home Care Services*****XX*1154407492~DTM*232*20130826~DTM*233*20130826~DTM*050*20130905~AMT*AU*58.08~SVC*HC:T1019*58.08*58.08*0671*16~DTM*472*20130826~AMT*B6*58.08~SE*102*00001~GE*1*1~IEA*1*000105991~