ISA*00*          *00*          *ZZ*ELDERSERVE     *ZZ*SUNNYEL        *130731*1329*^*00501*000103185*0*P*:~GS*HP*ELDERSERVE*SUNNYEL*20130731*1329*1*X*005010X221A1~ST*835*00001~BPR*I*1377.5*C*CHK************20130731~TRN*1*19651*1999999999~DTM*405*20130731~N1*PR*Elder Serve Health, Inc.~N3*5901 Palisade Ave.~N4*Riverdale*NY*10471~PER*CX*Susan Aldrich*TE*9999999999~PER*BL*Susan Aldrich*TE*9999999999~N1*PE*Sunnyside Citywide HomeCare Services*FI*113502051~N3*43-31 39th Street~N4*Sunnyside*NY*11104~LX*1~CLP*250158*1*290*290**16*0724201304201~NM1*QC*1*Meyster*Lyubov****MI*00002862300~NM1*82*2*Sunnyside Citywide Home Care Services*****XX*1154407492~DTM*232*20130701~DTM*233*20130705~DTM*050*20130724~AMT*AU*290~SVC*HC:S5125*72.5*72.5**20~DTM*472*20130701~AMT*B6*72.5~SVC*HC:S5125*72.5*72.5**20~DTM*472*20130702~AMT*B6*72.5~SVC*HC:S5125*72.5*72.5**20~DTM*472*20130704~AMT*B6*72.5~SVC*HC:S5125*72.5*72.5**20~DTM*472*20130705~AMT*B6*72.5~CLP*250157*1*362.5*362.5**16*0724201304401~NM1*QC*1*Bean*Elmira****MI*00001678800~NM1*82*2*Sunnyside Citywide Home Care Services*****XX*1154407492~DTM*232*20130701~DTM*233*20130705~DTM*050*20130724~AMT*AU*362.5~SVC*HC:T1019*72.5*72.5**20~DTM*472*20130701~AMT*B6*72.5~SVC*HC:T1019*72.5*72.5**20~DTM*472*20130702~AMT*B6*72.5~SVC*HC:T1019*72.5*72.5**20~DTM*472*20130703~AMT*B6*72.5~SVC*HC:T1019*72.5*72.5**20~DTM*472*20130704~AMT*B6*72.5~SVC*HC:T1019*72.5*72.5**20~DTM*472*20130705~AMT*B6*72.5~LX*2~CLP*252800*1*362.5*362.5**16*0729201307001~NM1*QC*1*Meyster*Lyubov****MI*00002862300~NM1*82*2*Sunnyside Citywide Home Care Services*****XX*1154407492~DTM*232*20130708~DTM*233*20130712~DTM*050*20130729~AMT*AU*362.5~SVC*HC:S5125*72.5*72.5**20~DTM*472*20130708~AMT*B6*72.5~SVC*HC:S5125*72.5*72.5**20~DTM*472*20130709~AMT*B6*72.5~SVC*HC:S5125*72.5*72.5**20~DTM*472*20130710~AMT*B6*72.5~SVC*HC:S5125*72.5*72.5**20~DTM*472*20130711~AMT*B6*72.5~SVC*HC:S5125*72.5*72.5**20~DTM*472*20130712~AMT*B6*72.5~CLP*252801*1*362.5*362.5**16*0729201307301~NM1*QC*1*Bean*Elmira****MI*00001678800~NM1*82*2*Sunnyside Citywide Home Care Services*****XX*1154407492~DTM*232*20130708~DTM*233*20130712~DTM*050*20130729~AMT*AU*362.5~SVC*HC:T1019*72.5*72.5**20~DTM*472*20130708~AMT*B6*72.5~SVC*HC:T1019*72.5*72.5**20~DTM*472*20130709~AMT*B6*72.5~SVC*HC:T1019*72.5*72.5**20~DTM*472*20130710~AMT*B6*72.5~SVC*HC:T1019*72.5*72.5**20~DTM*472*20130711~AMT*B6*72.5~SVC*HC:T1019*72.5*72.5**20~DTM*472*20130712~AMT*B6*72.5~SE*100*00001~GE*1*1~IEA*1*000103185~