ISA*00*          *00*          *ZZ*ELDERSERVE     *ZZ*SUNNYEL        *130925*1231*^*00501*000106997*0*P*:~GS*HP*ELDERSERVE*SUNNYEL*20130925*1231*1*X*005010X221A1~ST*835*00001~BPR*I*809.49*C*CHK************20130925~TRN*1*22344*1999999999~DTM*405*20130925~N1*PR*Elder Serve Health, Inc.~N3*5901 Palisade Ave.~N4*Riverdale*NY*10471~PER*CX*Susan Aldrich*TE*9999999999~PER*BL*Susan Aldrich*TE*9999999999~N1*PE*Sunnyside Citywide HomeCare Services*FI*113502051~N3*43-31 39th Street~N4*Sunnyside*NY*11104~LX*1~CLP*2572790012013815SUP*4*363*0**16*0905201309902~NM1*QC*1*Meyster*Lyubov****MI*00002862300~NM1*82*2*Sunnyside Citywide Home Care Services*****XX*1154407492~DTM*232*20130826~DTM*233*20130830~DTM*050*20130905~AMT*AU*363~SVC*HC:T1019*72.6*0*0671*0~DTM*472*20130826~CAS*OA*15*72.6~AMT*B6*72.6~SVC*HC:T1019*72.6*0*0671*0~DTM*472*20130827~CAS*OA*15*72.6~AMT*B6*72.6~SVC*HC:T1019*72.6*0*0671*0~DTM*472*20130828~CAS*OA*15*72.6~AMT*B6*72.6~SVC*HC:T1019*72.6*0*0671*0~DTM*472*20130829~CAS*OA*15*72.6~AMT*B6*72.6~SVC*HC:T1019*72.6*0*0671*0~DTM*472*20130830~CAS*OA*15*72.6~AMT*B6*72.6~LX*2~CLP*2582990012013815SUP*4*363*0**16*0913201306502~NM1*QC*1*Meyster*Lyubov****MI*00002862300~NM1*82*2*Sunnyside Citywide Home Care Services*****XX*1154407492~DTM*232*20130902~DTM*233*20130906~DTM*050*20130913~AMT*AU*363~SVC*HC:T1019*72.6*0*0671*0~DTM*472*20130902~CAS*OA*15*72.6~AMT*B6*72.6~SVC*HC:T1019*72.6*0*0671*0~DTM*472*20130903~CAS*OA*15*72.6~AMT*B6*72.6~SVC*HC:T1019*72.6*0*0671*0~DTM*472*20130904~CAS*OA*15*72.6~AMT*B6*72.6~SVC*HC:T1019*72.6*0*0671*0~DTM*472*20130905~CAS*OA*15*72.6~AMT*B6*72.6~SVC*HC:T1019*72.6*0*0671*0~DTM*472*20130906~CAS*OA*15*72.6~AMT*B6*72.6~LX*3~CLP*2591980012013814SUP*1*809.49*809.49**16*0920201321301~NM1*QC*1*Bean*Elmira****MI*00001678800~NM1*82*2*Sunnyside Citywide Home Care Services*****XX*1154407492~DTM*232*20130907~DTM*233*20130913~DTM*050*20130920~AMT*AU*809.49~SVC*HC:T1019*116.16*116.16*0671*32~DTM*472*20130907~AMT*B6*116.16~SVC*HC:T1019*112.53*112.53*0671*31~DTM*472*20130908~AMT*B6*112.53~SVC*HC:T1019*116.16*116.16*0671*32~DTM*472*20130909~AMT*B6*116.16~SVC*HC:T1019*116.16*116.16*0671*32~DTM*472*20130910~AMT*B6*116.16~SVC*HC:T1019*116.16*116.16*0671*32~DTM*472*20130911~AMT*B6*116.16~SVC*HC:T1019*116.16*116.16*0671*32~DTM*472*20130912~AMT*B6*116.16~SVC*HC:T1019*116.16*116.16*0671*32~DTM*472*20130913~AMT*B6*116.16~SE*98*00001~GE*1*1~IEA*1*000106997~