ISA*00*          *00*          *ZZ*ELDERSERVE     *ZZ*SUNNYEL        *131002*0939*^*00501*000107422*0*P*:~GS*HP*ELDERSERVE*SUNNYEL*20131002*0939*1*X*005010X221A1~ST*835*00001~BPR*I*914.76*C*CHK************20131002~TRN*1*22685*1999999999~DTM*405*20131002~N1*PR*Elder Serve Health, Inc.~N3*5901 Palisade Ave.~N4*Riverdale*NY*10471~PER*CX*Susan Aldrich*TE*9999999999~PER*BL*Susan Aldrich*TE*9999999999~N1*PE*Sunnyside Citywide HomeCare Services*FI*113502051~N3*43-31 39th Street~N4*Sunnyside*NY*11104~LX*1~CLP*2591990012013815SUP*4*363*0**16*0920201321302~NM1*QC*1*Meyster*Lyubov****MI*00002862300~NM1*82*2*Sunnyside Citywide Home Care Services*****XX*1154407492~DTM*232*20130909~DTM*233*20130913~DTM*050*20130920~AMT*AU*363~SVC*HC:T1019*72.6*0*0671*0~DTM*472*20130909~CAS*OA*15*72.6~AMT*B6*72.6~SVC*HC:T1019*72.6*0*0671*0~DTM*472*20130910~CAS*OA*15*72.6~AMT*B6*72.6~SVC*HC:T1019*72.6*0*0671*0~DTM*472*20130911~CAS*OA*15*72.6~AMT*B6*72.6~SVC*HC:T1019*72.6*0*0671*0~DTM*472*20130912~CAS*OA*15*72.6~AMT*B6*72.6~SVC*HC:T1019*72.6*0*0671*0~DTM*472*20130913~CAS*OA*15*72.6~AMT*B6*72.6~LX*2~CLP*2600420012013814SUP*1*914.76*914.76**16*0930201316301~NM1*QC*1*Bean*Elmira****MI*00001678800~NM1*82*2*Sunnyside Citywide Home Care Services*****XX*1154407492~DTM*232*20130825~DTM*233*20130920~DTM*050*20130930~AMT*AU*914.76~SVC*HC:T1019*116.16*116.16*0671*32~DTM*472*20130825~AMT*B6*116.16~SVC*HC:T1019*116.16*116.16*0671*32~DTM*472*20130914~AMT*B6*116.16~SVC*HC:T1019*101.64*101.64*0671*28~DTM*472*20130915~AMT*B6*101.64~SVC*HC:T1019*116.16*116.16*0671*32~DTM*472*20130916~AMT*B6*116.16~SVC*HC:T1019*116.16*116.16*0671*32~DTM*472*20130917~AMT*B6*116.16~SVC*HC:T1019*116.16*116.16*0671*32~DTM*472*20130918~AMT*B6*116.16~SVC*HC:T1019*116.16*116.16*0671*32~DTM*472*20130919~AMT*B6*116.16~SVC*HC:T1019*116.16*116.16*0671*32~DTM*472*20130920~AMT*B6*116.16~SE*73*00001~GE*1*1~IEA*1*000107422~