ISA*00*          *00*          *ZZ*ELDERSERVE     *ZZ*SUNNYEL        *130904*1030*^*00501*000105613*0*P*:~GS*HP*ELDERSERVE*SUNNYEL*20130904*1030*1*X*005010X221A1~ST*835*00001~BPR*I*813.12*C*CHK************20130904~TRN*1*21345*1999999999~DTM*405*20130904~N1*PR*Elder Serve Health, Inc.~N3*5901 Palisade Ave.~N4*Riverdale*NY*10471~PER*CX*Susan Aldrich*TE*9999999999~PER*BL*Susan Aldrich*TE*9999999999~N1*PE*Sunnyside Citywide HomeCare Services*FI*113502051~N3*43-31 39th Street~N4*Sunnyside*NY*11104~LX*1~CLP*2540220012013815SUP*4*363*0**16*0814201324502~NM1*QC*1*Meyster*Lyubov****MI*00002862300~NM1*82*2*Sunnyside Citywide Home Care Services*****XX*1154407492~DTM*232*20130729~DTM*233*20130802~DTM*050*20130814~AMT*AU*363~SVC*HC:T1019*72.6*0*0671*0~DTM*472*20130729~CAS*OA*15*72.6~AMT*B6*72.6~SVC*HC:T1019*72.6*0*0671*0~DTM*472*20130730~CAS*OA*15*72.6~AMT*B6*72.6~SVC*HC:T1019*72.6*0*0671*0~DTM*472*20130731~CAS*OA*15*72.6~AMT*B6*72.6~SVC*HC:T1019*72.6*0*0671*0~DTM*472*20130801~CAS*OA*15*72.6~AMT*B6*72.6~SVC*HC:T1019*72.6*0*0671*0~DTM*472*20130802~CAS*OA*15*72.6~AMT*B6*72.6~LX*2~CLP*2564500012013814SUP*1*813.12*813.12**16*0829201305101~NM1*QC*1*Bean*Elmira****MI*00001678800~NM1*82*2*Sunnyside Citywide Home Care Services*****XX*1154407492~DTM*232*20130817~DTM*233*20130823~DTM*050*20130829~AMT*AU*813.12~SVC*HC:T1019*116.16*116.16*0671*32~DTM*472*20130817~AMT*B6*116.16~SVC*HC:T1019*116.16*116.16*0671*32~DTM*472*20130818~AMT*B6*116.16~SVC*HC:T1019*116.16*116.16*0671*32~DTM*472*20130819~AMT*B6*116.16~SVC*HC:T1019*116.16*116.16*0671*32~DTM*472*20130820~AMT*B6*116.16~SVC*HC:T1019*116.16*116.16*0671*32~DTM*472*20130821~AMT*B6*116.16~SVC*HC:T1019*116.16*116.16*0671*32~DTM*472*20130822~AMT*B6*116.16~SVC*HC:T1019*116.16*116.16*0671*32~DTM*472*20130823~AMT*B6*116.16~SE*70*00001~GE*1*1~IEA*1*000105613~