ISA*00*          *00*          *ZZ*ELDERSERVE     *ZZ*SUNNYEL        *130828*1808*^*00501*000105286*0*P*:~GS*HP*ELDERSERVE*SUNNYEL*20130828*1808*1*X*005010X221A1~ST*835*00001~BPR*I*329.91*C*CHK************20130828~TRN*1*20931*1999999999~DTM*405*20130828~N1*PR*Elder Serve Health, Inc.~N3*5901 Palisade Ave.~N4*Riverdale*NY*10471~PER*CX*Susan Aldrich*TE*9999999999~PER*BL*Susan Aldrich*TE*9999999999~N1*PE*Sunnyside Citywide HomeCare Services*FI*113502051~N3*43-31 39th Street~N4*Sunnyside*NY*11104~LX*1~CLP*0230169*1*213.75*213.75**16*0506201303001~NM1*QC*1*Bean*Elmira****MI*00001678800~NM1*82*2*Sunnyside Citywide Home Care Services*****XX*1154407492~DTM*232*20130211~DTM*233*20130213~DTM*050*20130506~AMT*AU*213.75~SVC*HC:T1019*71.25*71.25**20~DTM*472*20130211~AMT*B6*71.25~SVC*HC:T1019*71.25*71.25**20~DTM*472*20130212~AMT*B6*71.25~SVC*HC:T1019*71.25*71.25**20~DTM*472*20130213~AMT*B6*71.25~LX*2~CLP*2556190012013814SUP*1*116.16*116.16**16*0823201319401~NM1*QC*1*Bean*Elmira****MI*00001678800~NM1*82*2*Sunnyside Citywide Home Care Services*****XX*1154407492~DTM*232*20130816~DTM*233*20130816~DTM*050*20130823~AMT*AU*116.16~SVC*HC:T1019*116.16*116.16*0671*32~DTM*472*20130816~AMT*B6*116.16~SE*41*00001~GE*1*1~IEA*1*000105286~