ISA*00*          *00*          *ZZ*ELDERSERVE     *ZZ*SUNNYEL        *131009*1113*^*00501*000107863*0*P*:~GS*HP*ELDERSERVE*SUNNYEL*20131009*1113*1*X*005010X221A1~ST*835*00001~BPR*I*696.96*C*CHK************20131009~TRN*1*23008*1999999999~DTM*405*20131009~N1*PR*Elder Serve Health, Inc.~N3*5901 Palisade Ave.~N4*Riverdale*NY*10471~PER*CX*Susan Aldrich*TE*9999999999~PER*BL*Susan Aldrich*TE*9999999999~N1*PE*Sunnyside Citywide HomeCare Services*FI*113502051~N3*43-31 39th Street~N4*Sunnyside*NY*11104~LX*1~CLP*2609110012013814SUP*1*696.96*696.96**16*1008201308601~NM1*QC*1*Bean*Elmira****MI*00001678800~NM1*82*2*Sunnyside Citywide Home Care Services*****XX*1154407492~DTM*232*20130922~DTM*233*20130927~DTM*050*20131007~AMT*AU*696.96~SVC*HC:T1019*116.16*116.16*0671*32~DTM*472*20130922~AMT*B6*116.16~SVC*HC:T1019*116.16*116.16*0671*32~DTM*472*20130923~AMT*B6*116.16~SVC*HC:T1019*116.16*116.16*0671*32~DTM*472*20130924~AMT*B6*116.16~SVC*HC:T1019*116.16*116.16*0671*32~DTM*472*20130925~AMT*B6*116.16~SVC*HC:T1019*116.16*116.16*0671*32~DTM*472*20130926~AMT*B6*116.16~SVC*HC:T1019*116.16*116.16*0671*32~DTM*472*20130927~AMT*B6*116.16~SE*39*00001~GE*1*1~IEA*1*000107863~