ISA*00*          *00*          *ZZ*133052274      *ZZ*223389595      *130719*1722*U*00401*004497091*0*P*:~GS*HP*133052274*223389595*20130719*1722*1*X*004010X091A1~ST*835*0001~BPR*H*0*C*NON************20130719~TRN*1*2013071910100853*1234567893*77073~DTM*405*20130719~N1*PR*TMG HEALTHCARE~N3*201 LACKAWANNA AVENUE~N4*SCRANTON*PA*18503~REF*2U*77073~N1*PE*SUNNYSIDE CITYWIDE HOME CARE SVCS*XX*1154407492~N3*43-31 39TH ST~N4*LONG ISLAND CITY*NY*11104~REF*TJ*113502051~LX*1~CLP*2472240012010958SUP*4*480.48*0**MB*131720324900~NM1*QC*1*KARASSAVIDES*ARISTOTELE****MI*V80041904~DTM*232*20130610~DTM*233*20130613~DTM*050*20130620~QTY*NE*112~SVC*HC:T1019*120.12*0~DTM*472*20130610~CAS*PI*197*120.12~SVC*HC:T1019*120.12*0~DTM*472*20130611~CAS*PI*197*120.12~SVC*HC:T1019*120.12*0~DTM*472*20130612~CAS*PI*197*120.12~SVC*HC:T1019*120.12*0~DTM*472*20130613~CAS*PI*197*120.12~CLP*2472250012012481SUP*4*712.14*0**MB*131720325000~NM1*QC*1*REYES*LORGIO*O***MI*V80024771~DTM*232*20130610~DTM*233*20130614~DTM*050*20130620~QTY*NE*166~SVC*HC:T1019*171.6*0~DTM*472*20130610~CAS*PI*197*171.6~SVC*HC:T1019*102.96*0~DTM*472*20130611~CAS*PI*197*102.96~SVC*HC:T1019*163.02*0~DTM*472*20130612~CAS*PI*197*163.02~SVC*HC:T1019*102.96*0~DTM*472*20130613~CAS*PI*197*102.96~SVC*HC:T1019*171.6*0~DTM*472*20130614~CAS*PI*197*171.6~SE*53*0001~GE*1*1~IEA*1*004497091~