ISA*00*          *00*          *ZZ*133052274      *ZZ*223389595      *130719*0824*U*00401*004497098*0*P*:~GS*HP*133052274*223389595*20130719*0824*1*X*004010X091A1~ST*835*0001~BPR*C*2751.44*C*ACH*CTX*01*999999999*DA*999999999*1133783732**01*021000089*DA*34182965*20130718~TRN*1*95000138958*1133783732*80141~DTM*405*20130718~N1*PR*COMPLETECARE*XV*133783732~N3*100 CHURCH STREET,18TH FL*ATT  VP FINANCE~N4*NEW YORK*NY*10007~REF*2U*80141~N1*PE*SUNNYSIDE CITYWIDE HOME CARE*FI*113502051~N4*SUNNYSIDE*NY*11104~LX*1~CLP*2479340012012489SUP*4*270.08*0**HM*0106281373367*12*1~NM1*QC*1*BLANCO*CARMELINA*A***MI*112990683~NM1*82*1******FI*113502051~DTM*232*20130617~DTM*233*20130621~SVC*HC:T1019*67.52*0****16~DTM*472*20130617~CAS*OA*96*67.52~REF*6R*938070001~AMT*B6*67.52~SVC*HC:T1019*67.52*0****16~DTM*472*20130618~CAS*OA*96*67.52~REF*6R*938070002~AMT*B6*67.52~SVC*HC:T1019*67.52*0****16~DTM*472*20130620~CAS*OA*96*67.52~REF*6R*938070003~AMT*B6*67.52~SVC*HC:T1019*67.52*0****16~DTM*472*20130621~CAS*OA*96*67.52~REF*6R*938070004~AMT*B6*67.52~LX*2~CLP*2479360012011528SUP*1*844*844**HM*0106281373369*12*1~NM1*QC*1*BOWERS*DIANE*L***MI*129232187~NM1*82*1******FI*113502051~DTM*232*20130617~DTM*233*20130621~SVC*HC:T1019*168.8*168.8**40~DTM*472*20130617~REF*6R*938072001~AMT*B6*168.8~SVC*HC:T1019*168.8*168.8**40~DTM*472*20130618~REF*6R*938072002~AMT*B6*168.8~SVC*HC:T1019*168.8*168.8**40~DTM*472*20130619~REF*6R*938072003~AMT*B6*168.8~SVC*HC:T1019*168.8*168.8**40~DTM*472*20130620~REF*6R*938072004~AMT*B6*168.8~SVC*HC:T1019*168.8*168.8**40~DTM*472*20130621~REF*6R*938072005~AMT*B6*168.8~LX*3~CLP*2479640012012284SUP*1*1181.6*1181.6**HM*0106281373397*12*1~NM1*QC*1*REINOSO*EMILIANA****MI*115451707~NM1*82*1******FI*113502051~DTM*232*20130615~DTM*233*20130621~SVC*HC:T1019*168.8*168.8**40~DTM*472*20130615~REF*6R*938100001~AMT*B6*168.8~SVC*HC:T1019*168.8*168.8**40~DTM*472*20130616~REF*6R*938100002~AMT*B6*168.8~SVC*HC:T1019*168.8*168.8**40~DTM*472*20130617~REF*6R*938100003~AMT*B6*168.8~SVC*HC:T1019*168.8*168.8**40~DTM*472*20130618~REF*6R*938100004~AMT*B6*168.8~SVC*HC:T1019*168.8*168.8**40~DTM*472*20130619~REF*6R*938100005~AMT*B6*168.8~SVC*HC:T1019*168.8*168.8**40~DTM*472*20130620~REF*6R*938100006~AMT*B6*168.8~SVC*HC:T1019*168.8*168.8**40~DTM*472*20130621~REF*6R*938100007~AMT*B6*168.8~LX*4~CLP*2479720012012498SUP*1*725.84*725.84**HM*0106281373406*12*1~NM1*QC*1*SCHOONMAKER*JEAN*C***MI*116703035~NM1*82*1******FI*113502051~DTM*232*20130615~DTM*233*20130620~SVC*HC:T1019*135.04*135.04**32~DTM*472*20130615~REF*6R*938108001~AMT*B6*135.04~SVC*HC:T1019*135.04*135.04**32~DTM*472*20130616~REF*6R*938108002~AMT*B6*135.04~SVC*HC:T1019*151.92*151.92**36~DTM*472*20130618~REF*6R*938108003~AMT*B6*151.92~SVC*HC:T1019*151.92*151.92**36~DTM*472*20130619~REF*6R*938108004~AMT*B6*151.92~SVC*HC:T1019*151.92*151.92**36~DTM*472*20130620~REF*6R*938108005~AMT*B6*151.92~SE*123*0001~GE*1*1~IEA*1*004497098~