ISA*00*          *00*          *ZZ*133052274      *ZZ*223389595      *130725*1027*U*00401*004579682*0*P*:~GS*HP*133052274*223389595*20130725*1027*1*X*004010X091A1~ST*835*0001~BPR*H*0*C*NON************20130724~TRN*1*2013072410100959*1234567893*77073~DTM*405*20130724~N1*PR*TMG HEALTHCARE~N3*201 LACKAWANNA AVENUE~N4*SCRANTON*PA*18503~REF*2U*77073~N1*PE*SUNNYSIDE CITYWIDE HOME CARE SVCS*XX*1154407492~N3*43-31 39TH ST~N4*LONG ISLAND CITY*NY*11104~REF*TJ*113502051~LX*1~CLP*2480900012010958SUP*4*480.48*0**MB*131790309500~NM1*QC*1*KARASSAVIDES*ARISTOTELE****MI*V80041904~DTM*232*20130617~DTM*233*20130620~DTM*050*20130627~QTY*NE*112~SVC*HC:T1019*120.12*0~DTM*472*20130617~CAS*PI*197*120.12~SVC*HC:T1019*120.12*0~DTM*472*20130618~CAS*PI*197*120.12~SVC*HC:T1019*120.12*0~DTM*472*20130619~CAS*PI*197*120.12~SVC*HC:T1019*120.12*0~DTM*472*20130620~CAS*PI*197*120.12~CLP*2480910012012481SUP*4*652.08*0**MB*131790309600~NM1*QC*1*REYES*LORGIO*O***MI*V80024771~DTM*232*20130615~DTM*233*20130621~DTM*050*20130627~QTY*NE*152~SVC*HC:T1019*102.96*0~DTM*472*20130615~CAS*PI*197*102.96~SVC*HC:T1019*102.96*0~DTM*472*20130618~CAS*PI*197*102.96~SVC*HC:T1019*171.6*0~DTM*472*20130619~CAS*PI*197*171.6~SVC*HC:T1019*102.96*0~DTM*472*20130620~CAS*PI*197*102.96~SVC*HC:T1019*171.6*0~DTM*472*20130621~CAS*PI*197*171.6~SE*53*0001~GE*1*1~IEA*1*004579682~