ISA*00*          *00*          *ZZ*133052274      *ZZ*223389595      *130719*0824*U*00401*004497102*0*P*:~GS*HP*133052274*223389595*20130719*0824*1*X*004010X091A1~ST*835*0001~BPR*I*0*C*ACH*CTX*01*999999999*DA*999999999*1133783732**01*021000089*DA*34182965*20130718~TRN*1*000000*1133783732*80141~DTM*405*20130718~N1*PR*HEALTHFIRST MEDICARE*XV*133783732~N3*100 CHURCH STREET*18TH FLOOR~N4*NEW YORK*NY*10007~REF*2U*80141~N1*PE*SUNNYSIDE CITYWIDE HOME CARE*FI*113502051~N4*SUNNYSIDE*NY*11104~LX*1~CLP*O2464082012042*4*113.92*0**HM*0107021389457*12*1~NM1*QC*1*MARTINEZ*ROSARIO****MI*115811195~NM1*82*1******FI*113502051~DTM*232*20130608~DTM*233*20130611~SVC*HC:T1019*56.96*0****1~DTM*472*20130608~CAS*OA*96*56.96~REF*6R*000000000000000000000000000001~AMT*B6*56.96~SVC*HC:T1019*56.96*0****1~DTM*472*20130611~CAS*OA*96*56.96~REF*6R*000000000000000000000000000002~AMT*B6*56.96~LX*2~CLP*T1019*4*66928*0**HM*0107021389461*12*1~NM1*QC*1*GONZALEZ*MANUELA****MI*113557307~NM1*82*1******FI*113502051~DTM*232*20130608~DTM*233*20130614~SVC*HC:T1019*11392*0****32~DTM*472*20130608~CAS*OA*96*11392~REF*6R*000000000000000000000000000001~AMT*B6*11392~SVC*HC:T1019*9968*0****28~DTM*472*20130610~CAS*OA*96*9968~REF*6R*000000000000000000000000000002~AMT*B6*9968~SVC*HC:T1019*11392*0****32~DTM*472*20130611~CAS*OA*96*11392~REF*6R*000000000000000000000000000003~AMT*B6*11392~SVC*HC:T1019*11392*0****32~DTM*472*20130612~CAS*OA*96*11392~REF*6R*000000000000000000000000000004~AMT*B6*11392~SVC*HC:T1019*11392*0****32~DTM*472*20130613~CAS*OA*96*11392~REF*6R*000000000000000000000000000005~AMT*B6*11392~SVC*HC:T1019*11392*0****32~DTM*472*20130614~CAS*OA*96*11392~REF*6R*000000000000000000000000000006~AMT*B6*11392~LX*3~CLP*02473012011791*4*569.6*0**HM*0107041349175*12*1~NM1*QC*1*PERALTA*ANTONIO****MI*129845307~NM1*82*1******FI*113502051~DTM*232*20130617~DTM*233*20130621~SVC*HC:T1019*113.92*0****1~DTM*472*20130617~CAS*OA*96*113.92~REF*6R*000000000000000000000000000001~AMT*B6*113.92~SVC*HC:T1019*113.92*0****1~DTM*472*20130618~CAS*OA*96*113.92~REF*6R*000000000000000000000000000002~AMT*B6*113.92~SVC*HC:T1019*113.92*0****1~DTM*472*20130619~CAS*OA*96*113.92~REF*6R*000000000000000000000000000003~AMT*B6*113.92~SVC*HC:T1019*113.92*0****1~DTM*472*20130620~CAS*OA*96*113.92~REF*6R*000000000000000000000000000004~AMT*B6*113.92~SVC*HC:T1019*113.92*0****1~DTM*472*20130621~CAS*OA*96*113.92~REF*6R*000000000000000000000000000005~AMT*B6*113.92~LX*4~CLP*O2472932012042*4*56.96*0**HM*0107041349182*12*1~NM1*QC*1*MARTINEZ*ROSARIO****MI*115811195~NM1*82*1******FI*113502051~DTM*232*20130618~SVC*HC:T1019*56.96*0****16~DTM*472*20130618~CAS*OA*96*56.96~REF*6R*000000000000000000000000000001~AMT*B6*56.96~SE*104*0001~GE*1*1~IEA*1*004497102~