ISA*00*          *00*          *ZZ*133052274      *ZZ*223389595      *130726*1559*U*00401*004602320*0*P*:~GS*HP*133052274*223389595*20130726*1559*1*X*004010X091A1~ST*835*0001~BPR*I*12862.5*C*CHK************20130725~TRN*1*0023534*1134115686*13265~REF*EV*113502051~N1*PR*METROPLUS HEALTH PLAN~N3*160 WATER STREET - 3RD FL~N4*NEW YORK*NY*10038~REF*2U*13265~PER*CX*WAYNE HANUS*EM*hanusw@nychhc.org*TE*2129088510~N1*PE*SUNNYSIDE CITYWIDE H*XX*1154407492~N3*43-31 39TH STREET~N4*LONG ISLAND CITY*NY*11104~REF*TJ*113502051~LX*1~CLP*2500620012010213SUP*1*445.9*274.4**HM*0107121344546~NM1*QC*1*VALLE*BLASINA*G***MI*QG00558G~REF*1L*MCAD01~DTM*232*20130629~DTM*050*20130712~SVC*HC:T1019*85.75*85.75**5~DTM*472*20130629~AMT*B6*85.75~SVC*HC:T1019*85.75*85.75**5~DTM*472*20130630~AMT*B6*85.75~SVC*HC:T1019*102.9*102.9**6~DTM*472*20130701~AMT*B6*102.9~SVC*HC:T1019*85.75*0****500~DTM*472*20130702~CAS*OA*197*85.75~AMT*B6*85.75~SVC*HC:T1019*85.75*0****500~DTM*472*20130703~CAS*OA*197*85.75~AMT*B6*85.75~LX*2~CLP*2500520012008743SUP*1*1200.5*1200.5**HM*0107121344536~NM1*QC*1*CORDERO*ROSENDO*S***MI*QM62108S~REF*1L*MCAD01~DTM*232*20130629~DTM*050*20130712~SVC*HC:T1019*171.5*171.5**10~DTM*472*20130629~AMT*B6*171.5~SVC*HC:T1019*171.5*171.5**10~DTM*472*20130630~AMT*B6*171.5~SVC*HC:T1019*171.5*171.5**10~DTM*472*20130701~AMT*B6*171.5~SVC*HC:T1019*171.5*171.5**10~DTM*472*20130702~AMT*B6*171.5~SVC*HC:T1019*171.5*171.5**10~DTM*472*20130703~AMT*B6*171.5~SVC*HC:T1019*171.5*171.5**10~DTM*472*20130704~AMT*B6*171.5~SVC*HC:T1019*171.5*171.5**10~DTM*472*20130705~AMT*B6*171.5~LX*3~CLP*2500610012013071SUP*1*480.2*480.2**HM*0107121344545~NM1*QC*1*SHUMON*UNKNOWN****MI*QQ82218A~REF*1L*MCAD01~DTM*232*20130629~DTM*050*20130712~SVC*HC:T1019*68.6*68.6**4~DTM*472*20130629~AMT*B6*68.6~SVC*HC:T1019*68.6*68.6**4~DTM*472*20130630~AMT*B6*68.6~SVC*HC:T1019*68.6*68.6**4~DTM*472*20130701~AMT*B6*68.6~SVC*HC:T1019*68.6*68.6**4~DTM*472*20130702~AMT*B6*68.6~SVC*HC:T1019*68.6*68.6**4~DTM*472*20130703~AMT*B6*68.6~SVC*HC:T1019*68.6*68.6**4~DTM*472*20130704~AMT*B6*68.6~SVC*HC:T1019*68.6*68.6**4~DTM*472*20130705~AMT*B6*68.6~LX*4~CLP*1688620012008232*1*1436.31*1217.65**HM*0110071160141~NM1*QC*1*MATUTECALLE*ROSA****MI*QV48228H~REF*1L*MCAD01~DTM*232*20110924~DTM*050*20111007~SVC*HC:T1019*205.8*205.8**12~DTM*472*20110924~AMT*B6*205.8~SVC*HC:T1019*201.51*188.65**11~DTM*472*20110925~CAS*OA*45*12.86~AMT*B6*188.65~SVC*HC:T1019*205.8*205.8**12~DTM*472*20110926~AMT*B6*205.8~SVC*HC:T1019*205.8*205.8**12~DTM*472*20110927~AMT*B6*205.8~SVC*HC:T1019*205.8*205.8**12~DTM*472*20110928~AMT*B6*205.8~SVC*HC:T1019*205.8*205.8**12~DTM*472*20110929~AMT*B6*205.8~SVC*HC:T1019*205.8*0****1200~DTM*472*20110930~CAS*OA*18*205.8~AMT*B6*205.8~LQ*HE*N522~LX*5~CLP*1688620012008232*4*205.8*0**HM*0111111160168~NM1*QC*1*MATUTECALLE*ROSA****MI*QV48228H~REF*1L*MCAD01~DTM*232*20110930~DTM*050*20111111~SVC*HC:T1019*205.8*0****1200~DTM*472*20110930~CAS*OA*18*205.8~AMT*B6*205.8~LQ*HE*N522~LX*6~CLP*2500510012008233SUP*1*1166.2*1166.2**HM*0107121344535~NM1*QC*1*ARIAS*NORA*V***MI*RB08739R~REF*1L*MCAD01~DTM*232*20130629~DTM*050*20130712~SVC*HC:T1019*68.6*68.6**4~DTM*472*20130629~AMT*B6*68.6~SVC*HC:T1019*68.6*68.6**4~DTM*472*20130630~AMT*B6*68.6~SVC*HC:T1019*205.8*205.8**12~DTM*472*20130701~AMT*B6*205.8~SVC*HC:T1019*205.8*205.8**12~DTM*472*20130702~AMT*B6*205.8~SVC*HC:T1019*205.8*205.8**12~DTM*472*20130703~AMT*B6*205.8~SVC*HC:T1019*205.8*205.8**12~DTM*472*20130704~AMT*B6*205.8~SVC*HC:T1019*205.8*205.8**12~DTM*472*20130705~AMT*B6*205.8~LX*7~CLP*2500560012010886SUP*1*360.15*51.45**HM*0107121344540~NM1*QC*1*OSORIO*ELVIA****MI*SM10426S~REF*1L*MCAD01~DTM*232*20130629~DTM*050*20130712~SVC*HC:T1019*51.45*51.45**3~DTM*472*20130629~AMT*B6*51.45~SVC*HC:T1019*51.45*0****300~DTM*472*20130630~CAS*OA*197*51.45~AMT*B6*51.45~SVC*HC:T1019*51.45*0****300~DTM*472*20130701~CAS*OA*197*51.45~AMT*B6*51.45~SVC*HC:T1019*51.45*0****300~DTM*472*20130702~CAS*OA*197*51.45~AMT*B6*51.45~SVC*HC:T1019*51.45*0****300~DTM*472*20130703~CAS*OA*197*51.45~AMT*B6*51.45~SVC*HC:T1019*51.45*0****300~DTM*472*20130704~CAS*OA*197*51.45~AMT*B6*51.45~SVC*HC:T1019*51.45*0****300~DTM*472*20130705~CAS*OA*197*51.45~AMT*B6*51.45~LX*8~CLP*2509680012010886SUP*4*360.15*0**HM*0107191344184~NM1*QC*1*OSORIO*ELVIA****MI*SM10426S~REF*1L*MCAD01~DTM*232*20130706~DTM*050*20130719~SVC*HC:T1019*51.45*0****300~DTM*472*20130706~CAS*OA*197*51.45~AMT*B6*51.45~SVC*HC:T1019*51.45*0****300~DTM*472*20130707~CAS*OA*197*51.45~AMT*B6*51.45~SVC*HC:T1019*51.45*0****300~DTM*472*20130708~CAS*OA*197*51.45~AMT*B6*51.45~SVC*HC:T1019*51.45*0****300~DTM*472*20130709~CAS*OA*197*51.45~AMT*B6*51.45~SVC*HC:T1019*51.45*0****300~DTM*472*20130710~CAS*OA*197*51.45~AMT*B6*51.45~SVC*HC:T1019*51.45*0****300~DTM*472*20130711~CAS*OA*197*51.45~AMT*B6*51.45~SVC*HC:T1019*51.45*0****300~DTM*472*20130712~CAS*OA*197*51.45~AMT*B6*51.45~LX*9~CLP*2500600012009377SUP*1*1029*1029**HM*0107121344544~NM1*QC*1*SANTORO*MATTHEW****MI*SP38021Q~REF*1L*MCAD01~DTM*232*20130624~DTM*050*20130712~SVC*HC:T1019*85.75*85.75**5~DTM*472*20130624~AMT*B6*85.75~SVC*HC:T1019*85.75*85.75**5~DTM*472*20130625~AMT*B6*85.75~SVC*HC:T1019*85.75*85.75**5~DTM*472*20130626~AMT*B6*85.75~SVC*HC:T1019*85.75*85.75**5~DTM*472*20130627~AMT*B6*85.75~SVC*HC:T1019*85.75*85.75**5~DTM*472*20130628~AMT*B6*85.75~SVC*HC:T1019*85.75*85.75**5~DTM*472*20130629~AMT*B6*85.75~SVC*HC:T1019*85.75*85.75**5~DTM*472*20130630~AMT*B6*85.75~SVC*HC:T1019*85.75*85.75**5~DTM*472*20130701~AMT*B6*85.75~SVC*HC:T1019*85.75*85.75**5~DTM*472*20130702~AMT*B6*85.75~SVC*HC:T1019*85.75*85.75**5~DTM*472*20130703~AMT*B6*85.75~SVC*HC:T1019*85.75*85.75**5~DTM*472*20130704~AMT*B6*85.75~SVC*HC:T1019*85.75*85.75**5~DTM*472*20130705~AMT*B6*85.75~LX*10~CLP*2500550012008385SUP*1*651.7*651.7**HM*0107121344539~NM1*QC*1*MURDOCK*GERTRUDE****MI*SS71357M~REF*1L*MCAD01~DTM*232*20130620~DTM*050*20130712~SVC*HC:T1019*154.35*154.35**9~DTM*472*20130620~AMT*B6*154.35~SVC*HC:T1019*171.5*171.5**10~DTM*472*20130701~AMT*B6*171.5~SVC*HC:T1019*171.5*171.5**10~DTM*472*20130702~AMT*B6*171.5~SVC*HC:T1019*154.35*154.35**9~DTM*472*20130705~AMT*B6*154.35~LX*11~CLP*2509670012008385SUP*4*823.2*0**HM*0107191344183~NM1*QC*1*MURDOCK*GERTRUDE****MI*SS71357M~REF*1L*MCAD01~DTM*232*20130708~DTM*050*20130719~SVC*HC:T1019*171.5*0****1000~DTM*472*20130708~CAS*OA*197*171.5~AMT*B6*171.5~SVC*HC:T1019*171.5*0****1000~DTM*472*20130709~CAS*OA*197*171.5~AMT*B6*171.5~SVC*HC:T1019*171.5*0****1000~DTM*472*20130710~CAS*OA*197*171.5~AMT*B6*171.5~SVC*HC:T1019*154.35*0****900~DTM*472*20130711~CAS*OA*197*154.35~AMT*B6*154.35~SVC*HC:T1019*154.35*0****900~DTM*472*20130712~CAS*OA*197*154.35~AMT*B6*154.35~LX*12~CLP*2500570012008236SUP*1*1200.5*1200.5**HM*0107121344541~NM1*QC*1*PERSAD*USHA*K***MI*TS79090G~REF*1L*MCAD01~DTM*232*20130629~DTM*050*20130712~SVC*HC:T1019*137.2*137.2**8~DTM*472*20130629~AMT*B6*137.2~SVC*HC:T1019*137.2*137.2**8~DTM*472*20130630~AMT*B6*137.2~SVC*HC:T1019*188.65*188.65**11~DTM*472*20130701~AMT*B6*188.65~SVC*HC:T1019*188.65*188.65**11~DTM*472*20130702~AMT*B6*188.65~SVC*HC:T1019*188.65*188.65**11~DTM*472*20130703~AMT*B6*188.65~SVC*HC:T1019*188.65*188.65**11~DTM*472*20130704~AMT*B6*188.65~SVC*HC:T1019*171.5*171.5**10~DTM*472*20130705~AMT*B6*171.5~LX*13~CLP*1852510012008415S*22*-600.25*0**HM*0102241243016~NM1*QC*1*BEDOYA*MONICA*R***MI*WP66802A~REF*1L*MCAD01~DTM*232*20120213~DTM*050*20120224~SVC*HC:T1019*-120.05*0****-700~DTM*472*20120213~CAS*CR*197*-120.05~REF*6R*001~AMT*B6*-120.05~SVC*HC:T1019*-120.05*0****-700~DTM*472*20120214~CAS*CR*197*-120.05~REF*6R*002~AMT*B6*-120.05~SVC*HC:T1019*-120.05*0****-700~DTM*472*20120215~CAS*CR*197*-120.05~REF*6R*003~AMT*B6*-120.05~SVC*HC:T1019*-120.05*0****-700~DTM*472*20120216~CAS*CR*197*-120.05~REF*6R*004~AMT*B6*-120.05~SVC*HC:T1019*-120.05*0****-700~DTM*472*20120217~CAS*CR*197*-120.05~REF*6R*005~AMT*B6*-120.05~LX*14~CLP*1852510012008415S*1*600.25*600.25**HM*0102241260238~NM1*QC*1*BEDOYA*MONICA*R***MI*WP66802A~REF*1L*MCAD01~DTM*232*20120213~DTM*050*20120224~SVC*HC:T1019*120.05*120.05**7~DTM*472*20120213~AMT*B6*120.05~SVC*HC:T1019*120.05*120.05**7~DTM*472*20120214~AMT*B6*120.05~SVC*HC:T1019*120.05*120.05**7~DTM*472*20120215~AMT*B6*120.05~SVC*HC:T1019*120.05*120.05**7~DTM*472*20120216~AMT*B6*120.05~SVC*HC:T1019*120.05*120.05**7~DTM*472*20120217~AMT*B6*120.05~LX*15~CLP*1845280012008415SUP*22*-600.25*0**HM*0103261244699~NM1*QC*1*BEDOYA*MONICA*R***MI*WP66802A~REF*1L*MCAD01~DTM*232*20120206~DTM*050*20120326~SVC*HC:T1019*-120.05*0****-700~DTM*472*20120206~CAS*CR*18*-120.05~REF*6R*001~AMT*B6*-120.05~SVC*HC:T1019*-120.05*0****-700~DTM*472*20120207~CAS*CR*18*-120.05~REF*6R*002~AMT*B6*-120.05~SVC*HC:T1019*-120.05*0****-700~DTM*472*20120208~CAS*CR*197*-120.05~REF*6R*003~AMT*B6*-120.05~SVC*HC:T1019*-120.05*0****-700~DTM*472*20120209~CAS*CR*197*-120.05~REF*6R*004~AMT*B6*-120.05~SVC*HC:T1019*-120.05*0****-700~DTM*472*20120210~CAS*CR*197*-120.05~REF*6R*005~AMT*B6*-120.05~LX*16~CLP*1852510012008415SUP*22*-600.25*0**HM*0103261244701~NM1*QC*1*BEDOYA*MONICA*R***MI*WP66802A~REF*1L*MCAD01~DTM*232*20120213~DTM*050*20120326~SVC*HC:T1019*-120.05*0****-700~DTM*472*20120213~CAS*CR*197*-120.05~REF*6R*001~AMT*B6*-120.05~SVC*HC:T1019*-120.05*0****-700~DTM*472*20120214~CAS*CR*197*-120.05~REF*6R*002~AMT*B6*-120.05~SVC*HC:T1019*-120.05*0****-700~DTM*472*20120215~CAS*CR*197*-120.05~REF*6R*003~AMT*B6*-120.05~SVC*HC:T1019*-120.05*0****-700~DTM*472*20120216~CAS*CR*197*-120.05~REF*6R*004~AMT*B6*-120.05~SVC*HC:T1019*-120.05*0****-700~DTM*472*20120217~CAS*CR*197*-120.05~REF*6R*005~AMT*B6*-120.05~LX*17~CLP*1845280012008415SUP*4*600.25*0**HM*0103261260328~NM1*QC*1*BEDOYA*MONICA*R***MI*WP66802A~REF*1L*MCAD01~DTM*232*20120206~DTM*050*20120326~SVC*HC:T1019*120.05*0****700~DTM*472*20120206~CAS*OA*18*120.05~AMT*B6*120.05~LQ*HE*N522~SVC*HC:T1019*120.05*0****700~DTM*472*20120207~CAS*OA*18*120.05~AMT*B6*120.05~LQ*HE*N522~SVC*HC:T1019*120.05*0****700~DTM*472*20120208~CAS*OA*18*120.05~AMT*B6*120.05~LQ*HE*N522~SVC*HC:T1019*120.05*0****700~DTM*472*20120209~CAS*OA*18*120.05~AMT*B6*120.05~LQ*HE*N522~SVC*HC:T1019*120.05*0****700~DTM*472*20120210~CAS*OA*18*120.05~AMT*B6*120.05~LQ*HE*N522~LX*18~CLP*1852510012008415SUP*4*600.25*0**HM*0103261260329~NM1*QC*1*BEDOYA*MONICA*R***MI*WP66802A~REF*1L*MCAD01~DTM*232*20120213~DTM*050*20120326~SVC*HC:T1019*120.05*0****700~DTM*472*20120213~CAS*OA*18*120.05~AMT*B6*120.05~LQ*HE*N522~SVC*HC:T1019*120.05*0****700~DTM*472*20120214~CAS*OA*18*120.05~AMT*B6*120.05~LQ*HE*N522~SVC*HC:T1019*120.05*0****700~DTM*472*20120215~CAS*OA*18*120.05~AMT*B6*120.05~LQ*HE*N522~SVC*HC:T1019*120.05*0****700~DTM*472*20120216~CAS*OA*18*120.05~AMT*B6*120.05~LQ*HE*N522~SVC*HC:T1019*120.05*0****700~DTM*472*20120217~CAS*OA*18*120.05~AMT*B6*120.05~LQ*HE*N522~LX*19~CLP*1859890012009047SUP*22*-1440.6*0**HM*0103021246605~NM1*QC*1*MANIACI*VINCENT*J***MI*XB71969D~REF*1L*MCAD01~DTM*232*20120218~DTM*050*20120302~SVC*HC:T1020*-205.8*0****-1200~DTM*472*20120218~CAS*CR*197*-205.8~REF*6R*001~AMT*B6*-205.8~SVC*HC:T1020*-205.8*0****-1200~DTM*472*20120219~CAS*CR*197*-205.8~REF*6R*002~AMT*B6*-205.8~SVC*HC:T1020*-205.8*0****-1200~DTM*472*20120220~CAS*CR*197*-205.8~REF*6R*003~AMT*B6*-205.8~SVC*HC:T1020*-205.8*0****-1200~DTM*472*20120221~CAS*CR*197*-205.8~REF*6R*004~AMT*B6*-205.8~SVC*HC:T1020*-205.8*0****-1200~DTM*472*20120222~CAS*CR*197*-205.8~REF*6R*005~AMT*B6*-205.8~SVC*HC:T1020*-205.8*0****-1200~DTM*472*20120223~CAS*CR*197*-205.8~REF*6R*006~AMT*B6*-205.8~SVC*HC:T1020*-205.8*0****-1200~DTM*472*20120224~CAS*CR*197*-205.8~REF*6R*007~AMT*B6*-205.8~LX*20~CLP*1859890012009047SUP*1*1440.6*1440.6**HM*0103021260676~NM1*QC*1*MANIACI*VINCENT*J***MI*XB71969D~REF*1L*MCAD01~DTM*232*20120218~DTM*050*20120302~SVC*HC:T1020*205.8*205.8**12~DTM*472*20120218~AMT*B6*205.8~SVC*HC:T1020*205.8*205.8**12~DTM*472*20120219~AMT*B6*205.8~SVC*HC:T1020*205.8*205.8**12~DTM*472*20120220~AMT*B6*205.8~SVC*HC:T1020*205.8*205.8**12~DTM*472*20120221~AMT*B6*205.8~SVC*HC:T1020*205.8*205.8**12~DTM*472*20120222~AMT*B6*205.8~SVC*HC:T1020*205.8*205.8**12~DTM*472*20120223~AMT*B6*205.8~SVC*HC:T1020*205.8*205.8**12~DTM*472*20120224~AMT*B6*205.8~LX*21~CLP*1901330012008284SUP*22*-720.3*0**HM*0104091244277~NM1*QC*1*ANDERSON*BETH*K***MI*YC43135F~REF*1L*MCAD01~DTM*232*20120324~DTM*050*20120409~SVC*HC:T1019*-102.9*0****-600~DTM*472*20120324~CAS*CR*197*-102.9~REF*6R*001~AMT*B6*-102.9~SVC*HC:T1019*-102.9*0****-600~DTM*472*20120325~CAS*CR*197*-102.9~REF*6R*002~AMT*B6*-102.9~SVC*HC:T1019*-102.9*0****-600~DTM*472*20120326~CAS*CR*197*-102.9~REF*6R*003~AMT*B6*-102.9~SVC*HC:T1019*-102.9*0****-600~DTM*472*20120327~CAS*CR*197*-102.9~REF*6R*004~AMT*B6*-102.9~SVC*HC:T1019*-102.9*0****-600~DTM*472*20120328~CAS*CR*197*-102.9~REF*6R*005~AMT*B6*-102.9~SVC*HC:T1019*-102.9*0****-600~DTM*472*20120329~CAS*CR*197*-102.9~REF*6R*006~AMT*B6*-102.9~SVC*HC:T1019*-102.9*0****-600~DTM*472*20120330~CAS*CR*197*-102.9~REF*6R*007~AMT*B6*-102.9~LX*22~CLP*1901330012008284SUP*4*720.3*0**HM*0104091260334~NM1*QC*1*ANDERSON*BETH*K***MI*YC43135F~REF*1L*MCAD01~DTM*232*20120324~DTM*050*20120409~SVC*HC:T1019*102.9*0****600~DTM*472*20120324~CAS*OA*18*102.9~AMT*B6*102.9~LQ*HE*N522~SVC*HC:T1019*102.9*0****600~DTM*472*20120325~CAS*OA*18*102.9~AMT*B6*102.9~LQ*HE*N522~SVC*HC:T1019*102.9*0****600~DTM*472*20120326~CAS*OA*18*102.9~AMT*B6*102.9~LQ*HE*N522~SVC*HC:T1019*102.9*0****600~DTM*472*20120327~CAS*OA*18*102.9~AMT*B6*102.9~LQ*HE*N522~SVC*HC:T1019*102.9*0****600~DTM*472*20120328~CAS*OA*18*102.9~AMT*B6*102.9~LQ*HE*N522~SVC*HC:T1019*102.9*0****600~DTM*472*20120329~CAS*OA*18*102.9~AMT*B6*102.9~LQ*HE*N522~SVC*HC:T1019*102.9*0****600~DTM*472*20120330~CAS*OA*18*102.9~AMT*B6*102.9~LQ*HE*N522~LX*23~CLP*1910980012008284SUP*22*-720.3*-617.4**HM*0104131244051~NM1*QC*1*ANDERSON*BETH*K***MI*YC43135F~REF*1L*MCAD01~DTM*232*20120331~DTM*050*20120413~SVC*HC:T1019*-102.9*0****-600~DTM*472*20120331~CAS*CR*197*-102.9~REF*6R*001~AMT*B6*-102.9~SVC*HC:T1019*-102.9*-102.9**-6~DTM*472*20120401~REF*6R*002~AMT*B6*-102.9~SVC*HC:T1019*-102.9*-102.9**-6~DTM*472*20120402~REF*6R*003~AMT*B6*-102.9~SVC*HC:T1019*-102.9*-102.9**-6~DTM*472*20120403~REF*6R*004~AMT*B6*-102.9~SVC*HC:T1019*-102.9*-102.9**-6~DTM*472*20120404~REF*6R*005~AMT*B6*-102.9~SVC*HC:T1019*-102.9*-102.9**-6~DTM*472*20120405~REF*6R*006~AMT*B6*-102.9~SVC*HC:T1019*-102.9*-102.9**-6~DTM*472*20120406~REF*6R*007~AMT*B6*-102.9~LX*24~CLP*1910980012008284SUP*1*720.3*617.4**HM*0104131260217~NM1*QC*1*ANDERSON*BETH*K***MI*YC43135F~REF*1L*MCAD01~DTM*232*20120331~DTM*050*20120413~SVC*HC:T1019*102.9*0****600~DTM*472*20120331~CAS*OA*18*102.9~AMT*B6*102.9~LQ*HE*N522~SVC*HC:T1019*102.9*102.9**6~DTM*472*20120401~AMT*B6*102.9~SVC*HC:T1019*102.9*102.9**6~DTM*472*20120402~AMT*B6*102.9~SVC*HC:T1019*102.9*102.9**6~DTM*472*20120403~AMT*B6*102.9~SVC*HC:T1019*102.9*102.9**6~DTM*472*20120404~AMT*B6*102.9~SVC*HC:T1019*102.9*102.9**6~DTM*472*20120405~AMT*B6*102.9~SVC*HC:T1019*102.9*102.9**6~DTM*472*20120406~AMT*B6*102.9~LX*25~CLP*2500530012011286SUP*1*2881.2*2881.2**HM*0107121344537~NM1*QC*1*DOBBINS*SANDRA****MI*ZA50099X~REF*1L*MCAD01~DTM*232*20130629~DTM*050*20130712~SVC*HC:T1019*411.6*411.6**24~DTM*472*20130629~AMT*B6*411.6~SVC*HC:T1019*411.6*411.6**24~DTM*472*20130630~AMT*B6*411.6~SVC*HC:T1019*411.6*411.6**24~DTM*472*20130701~AMT*B6*411.6~SVC*HC:T1019*411.6*411.6**24~DTM*472*20130702~AMT*B6*411.6~SVC*HC:T1019*411.6*411.6**24~DTM*472*20130703~AMT*B6*411.6~SVC*HC:T1019*411.6*411.6**24~DTM*472*20130704~AMT*B6*411.6~SVC*HC:T1019*411.6*411.6**24~DTM*472*20130705~AMT*B6*411.6~LX*26~CLP*1750920012008237S*22*-274.4*0**HM*0112011143746~NM1*QC*1*DURHAM*CYNTHIA****MI*ZB21969Z~REF*1L*MCAD01~DTM*232*20111121~DTM*050*20111201~SVC*HC:T1019*-68.6*0****-400~DTM*472*20111121~CAS*CR*197*-68.6~REF*6R*001~AMT*B6*-68.6~SVC*HC:T1019*-68.6*0****-400~DTM*472*20111122~CAS*CR*197*-68.6~REF*6R*002~AMT*B6*-68.6~SVC*HC:T1019*-68.6*0****-400~DTM*472*20111123~CAS*CR*197*-68.6~REF*6R*003~AMT*B6*-68.6~SVC*HC:T1019*-68.6*0****-400~DTM*472*20111125~CAS*CR*197*-68.6~REF*6R*004~AMT*B6*-68.6~LX*27~CLP*1750920012008237S*4*274.4*0**HM*0112011160224~NM1*QC*1*DURHAM*CYNTHIA****MI*ZB21969Z~REF*1L*MCAD01~DTM*232*20111121~DTM*050*20111201~SVC*HC:T1019*68.6*0****400~DTM*472*20111121~CAS*OA*18*68.6~AMT*B6*68.6~LQ*HE*N522~SVC*HC:T1019*68.6*0****400~DTM*472*20111122~CAS*OA*18*68.6~AMT*B6*68.6~LQ*HE*N522~SVC*HC:T1019*68.6*0****400~DTM*472*20111123~CAS*OA*18*68.6~AMT*B6*68.6~LQ*HE*N522~SVC*HC:T1019*68.6*0****400~DTM*472*20111125~CAS*OA*18*68.6~AMT*B6*68.6~LQ*HE*N522~LX*28~CLP*2500590012008418SUP*1*668.85*668.85**HM*0107121344543~NM1*QC*1*RYALS*CHARLES*H***MI*ZZ49620T~REF*1L*MCAD01~DTM*232*20130624~DTM*050*20130712~SVC*HC:T1019*120.05*120.05**7~DTM*472*20130624~AMT*B6*120.05~SVC*HC:T1019*137.2*137.2**8~DTM*472*20130701~AMT*B6*137.2~SVC*HC:T1019*137.2*137.2**8~DTM*472*20130702~AMT*B6*137.2~SVC*HC:T1019*137.2*137.2**8~DTM*472*20130703~AMT*B6*137.2~SVC*HC:T1019*137.2*137.2**8~DTM*472*20130704~AMT*B6*137.2~SE*829*0001~GE*1*1~IEA*1*004602320~