ISA*00*          *00*          *ZZ*133052274      *ZZ*223389595      *130719*0824*U*00401*004497104*0*P*:~GS*HP*133052274*223389595*20130719*0824*1*X*004010X091A1~ST*835*0001~BPR*C*33489.92*C*ACH*CTX*01*999999999*DA*999999999*1133783732**01*021000089*DA*34182965*20130718~TRN*1*90000254977*1133783732*80141~DTM*405*20130718~N1*PR*HEALTHFIRST PHSP, INC.*XV*133783732~N3*100 CHURCH STREET*18TH FLOOR~N4*NEW YORK*NY*10007~REF*2U*80141~N1*PE*SUNNYSIDE CITYWIDE HOME CARE*FI*113502051~N4*SUNNYSIDE*NY*11104~LX*1~CLP*2479300012013448SUP*1*945.28*945.28**HM*0106281373363*12*1~NM1*QC*1*AHMED*UMARA****MI*XK51476N~NM1*IL*1*AHMED*UMARA****MI*029490423A~NM1*82*1******FI*113502051~DTM*232*20130615~DTM*233*20130621~SVC*HC:T1019*135.04*135.04**32~DTM*472*20130615~REF*6R*938066001~AMT*B6*135.04~SVC*HC:T1019*135.04*135.04**32~DTM*472*20130616~REF*6R*938066002~AMT*B6*135.04~SVC*HC:T1019*135.04*135.04**32~DTM*472*20130617~REF*6R*938066003~AMT*B6*135.04~SVC*HC:T1019*135.04*135.04**32~DTM*472*20130618~REF*6R*938066004~AMT*B6*135.04~SVC*HC:T1019*135.04*135.04**32~DTM*472*20130619~REF*6R*938066005~AMT*B6*135.04~SVC*HC:T1019*135.04*135.04**32~DTM*472*20130620~REF*6R*938066006~AMT*B6*135.04~SVC*HC:T1019*135.04*135.04**32~DTM*472*20130621~REF*6R*938066007~AMT*B6*135.04~LX*2~CLP*2479310012013451SUP*1*759.6*759.6**HM*0106281373364*12*1~NM1*QC*1*AKHTAR*SELINA****MI*SX51375D~NM1*IL*1*AKHTAR*SELINA****MI*090906598J~NM1*82*1******FI*113502051~DTM*232*20130617~DTM*233*20130621~SVC*HC:T1019*151.92*151.92**36~DTM*472*20130617~REF*6R*938067001~AMT*B6*151.92~SVC*HC:T1019*151.92*151.92**36~DTM*472*20130618~REF*6R*938067002~AMT*B6*151.92~SVC*HC:T1019*151.92*151.92**36~DTM*472*20130619~REF*6R*938067003~AMT*B6*151.92~SVC*HC:T1019*151.92*151.92**36~DTM*472*20130620~REF*6R*938067004~AMT*B6*151.92~SVC*HC:T1019*151.92*151.92**36~DTM*472*20130621~REF*6R*938067005~AMT*B6*151.92~LX*3~CLP*2479320012008487SUP*1*472.64*472.64**HM*0106281373365*12*1~NM1*QC*1*BEGUM*MANAWARA****MI*VD44720Z~NM1*IL*1*BEGUM*MANIVARA****MI*005352019D~NM1*82*1******FI*113502051~DTM*232*20130615~DTM*233*20130621~SVC*HC:T1019*50.64*50.64**12~DTM*472*20130615~REF*6R*938068001~AMT*B6*50.64~SVC*HC:T1019*84.4*84.4**20~DTM*472*20130617~REF*6R*938068002~AMT*B6*84.4~SVC*HC:T1019*84.4*84.4**20~DTM*472*20130618~REF*6R*938068003~AMT*B6*84.4~SVC*HC:T1019*84.4*84.4**20~DTM*472*20130619~REF*6R*938068004~AMT*B6*84.4~SVC*HC:T1019*84.4*84.4**20~DTM*472*20130620~REF*6R*938068005~AMT*B6*84.4~SVC*HC:T1019*84.4*84.4**20~DTM*472*20130621~REF*6R*938068006~AMT*B6*84.4~LX*4~CLP*2479330012008433SUP*1*945.28*945.28**HM*0106281373366*12*1~NM1*QC*1*BHAIRO*KOWSILLIA****MI*VG15691D~NM1*IL*1*BHAIRO*KOWSILLIA****MI*001903486H~NM1*82*1******FI*113502051~DTM*232*20130615~DTM*233*20130621~SVC*HC:T1019*135.04*135.04**32~DTM*472*20130615~REF*6R*938069001~AMT*B6*135.04~SVC*HC:T1019*135.04*135.04**32~DTM*472*20130616~REF*6R*938069002~AMT*B6*135.04~SVC*HC:T1019*135.04*135.04**32~DTM*472*20130617~REF*6R*938069003~AMT*B6*135.04~SVC*HC:T1019*135.04*135.04**32~DTM*472*20130618~REF*6R*938069004~AMT*B6*135.04~SVC*HC:T1019*135.04*135.04**32~DTM*472*20130619~REF*6R*938069005~AMT*B6*135.04~SVC*HC:T1019*135.04*135.04**32~DTM*472*20130620~REF*6R*938069006~AMT*B6*135.04~SVC*HC:T1019*135.04*135.04**32~DTM*472*20130621~REF*6R*938069007~AMT*B6*135.04~LX*5~CLP*2479350012009560SUP*1*607.68*607.68**HM*0106281373368*12*1~NM1*QC*1*BOCHENEK*JOLANTA****MI*ZT71147Q~NM1*IL*1*BOCHENEK JOLANTA*E****MI*023208598F~NM1*82*1******FI*113502051~DTM*232*20130615~DTM*233*20130621~SVC*HC:T1019*101.28*101.28**24~DTM*472*20130615~REF*6R*938071001~AMT*B6*101.28~SVC*HC:T1019*101.28*101.28**24~DTM*472*20130617~REF*6R*938071002~AMT*B6*101.28~SVC*HC:T1019*101.28*101.28**24~DTM*472*20130618~REF*6R*938071003~AMT*B6*101.28~SVC*HC:T1019*101.28*101.28**24~DTM*472*20130619~REF*6R*938071004~AMT*B6*101.28~SVC*HC:T1019*101.28*101.28**24~DTM*472*20130620~REF*6R*938071005~AMT*B6*101.28~SVC*HC:T1019*101.28*101.28**24~DTM*472*20130621~REF*6R*938071006~AMT*B6*101.28~LX*6~CLP*2479370012008256SUP*1*675.2*675.2**HM*0106281373370*12*1~NM1*QC*1*CARMONA*LUZ****MI*XJ24416K~NM1*IL*1*CARMONA*LUZ****MI*094721358D~NM1*82*1******FI*113502051~DTM*232*20130617~DTM*233*20130621~SVC*HC:T1019*135.04*135.04**32~DTM*472*20130617~REF*6R*938073001~AMT*B6*135.04~SVC*HC:T1019*135.04*135.04**32~DTM*472*20130618~REF*6R*938073002~AMT*B6*135.04~SVC*HC:T1019*135.04*135.04**32~DTM*472*20130619~REF*6R*938073003~AMT*B6*135.04~SVC*HC:T1019*135.04*135.04**32~DTM*472*20130620~REF*6R*938073004~AMT*B6*135.04~SVC*HC:T1019*135.04*135.04**32~DTM*472*20130621~REF*6R*938073005~AMT*B6*135.04~LX*7~CLP*2479380012009270SUP*1*810.24*810.24**HM*0106281373371*12*1~NM1*QC*1*CARRION*MARIA****MI*SC64434E~NM1*IL*1*CARRION*MARIA****MI*002802320I~NM1*82*1******FI*113502051~DTM*232*20130615~DTM*233*20130621~SVC*HC:T1019*135.04*135.04**32~DTM*472*20130615~REF*6R*938074001~AMT*B6*135.04~SVC*HC:T1019*135.04*135.04**32~DTM*472*20130617~REF*6R*938074002~AMT*B6*135.04~SVC*HC:T1019*135.04*135.04**32~DTM*472*20130618~REF*6R*938074003~AMT*B6*135.04~SVC*HC:T1019*135.04*135.04**32~DTM*472*20130619~REF*6R*938074004~AMT*B6*135.04~SVC*HC:T1019*135.04*135.04**32~DTM*472*20130620~REF*6R*938074005~AMT*B6*135.04~SVC*HC:T1019*135.04*135.04**32~DTM*472*20130621~REF*6R*938074006~AMT*B6*135.04~LX*8~CLP*2479390012008251SUP*1*607.68*607.68**HM*0106281373372*12*1~NM1*QC*1*CEBALLOS*ANA****MI*UH02585Q~NM1*IL*1*CEBALLOS*ANA****MI*004514470G~NM1*82*1******FI*113502051~DTM*232*20130615~DTM*233*20130620~SVC*HC:T1019*135.04*135.04**32~DTM*472*20130615~REF*6R*938075001~AMT*B6*135.04~SVC*HC:T1019*135.04*135.04**32~DTM*472*20130617~REF*6R*938075002~AMT*B6*135.04~SVC*HC:T1019*135.04*135.04**32~DTM*472*20130618~REF*6R*938075003~AMT*B6*135.04~SVC*HC:T1019*135.04*135.04**32~DTM*472*20130619~REF*6R*938075004~AMT*B6*135.04~SVC*HC:T1019*67.52*67.52**16~DTM*472*20130620~REF*6R*938075005~AMT*B6*67.52~LX*9~CLP*2479400012009405SUP*4*1012.8*0**HM*0106281373373*12*1~NM1*QC*1*CORTESDEGALINDO*NELIDA****MI*PF03624B~NM1*IL*1*CORTES DE GALINDO*NELIDA****MI*023819354E~NM1*82*1******FI*113502051~DTM*232*20130610~DTM*233*20130621~SVC*HC:T1019*101.28*0****24~DTM*472*20130610~CAS*OA*96*101.28~REF*6R*938076001~AMT*B6*101.28~SVC*HC:T1019*101.28*0****24~DTM*472*20130611~CAS*OA*96*101.28~REF*6R*938076002~AMT*B6*101.28~SVC*HC:T1019*101.28*0****24~DTM*472*20130612~CAS*OA*96*101.28~REF*6R*938076003~AMT*B6*101.28~SVC*HC:T1019*101.28*0****24~DTM*472*20130613~CAS*OA*96*101.28~REF*6R*938076004~AMT*B6*101.28~SVC*HC:T1019*101.28*0****24~DTM*472*20130614~CAS*OA*96*101.28~REF*6R*938076005~AMT*B6*101.28~SVC*HC:T1019*101.28*0****24~DTM*472*20130617~CAS*OA*96*101.28~REF*6R*938076006~AMT*B6*101.28~SVC*HC:T1019*101.28*0****24~DTM*472*20130618~CAS*OA*96*101.28~REF*6R*938076007~AMT*B6*101.28~SVC*HC:T1019*101.28*0****24~DTM*472*20130619~CAS*OA*96*101.28~REF*6R*938076008~AMT*B6*101.28~SVC*HC:T1019*101.28*0****24~DTM*472*20130620~CAS*OA*96*101.28~REF*6R*938076009~AMT*B6*101.28~SVC*HC:T1019*101.28*0****24~DTM*472*20130621~CAS*OA*96*101.28~REF*6R*938076010~AMT*B6*101.28~LX*10~CLP*2479410012013452SUP*1*1384.16*1384.16**HM*0106281373374*12*1~NM1*QC*1*DEKMAK*GRISEL****MI*VV95212H~NM1*IL*1*DEKMAK*GRISEL****MI*002998792C~NM1*82*1******FI*113502051~DTM*232*20130615~DTM*233*20130621~SVC*HC:T1019*202.56*202.56**48~DTM*472*20130615~REF*6R*938077001~AMT*B6*202.56~SVC*HC:T1019*202.56*202.56**48~DTM*472*20130616~REF*6R*938077002~AMT*B6*202.56~SVC*HC:T1019*168.8*168.8**40~DTM*472*20130617~REF*6R*938077003~AMT*B6*168.8~SVC*HC:T1019*202.56*202.56**48~DTM*472*20130618~REF*6R*938077004~AMT*B6*202.56~SVC*HC:T1019*202.56*202.56**48~DTM*472*20130619~REF*6R*938077005~AMT*B6*202.56~SVC*HC:T1019*202.56*202.56**48~DTM*472*20130620~REF*6R*938077006~AMT*B6*202.56~SVC*HC:T1019*202.56*202.56**48~DTM*472*20130621~REF*6R*938077007~AMT*B6*202.56~LX*11~CLP*2479420012013453SUP*1*472.64*472.64**HM*0106281373375*12*1~NM1*QC*1*DIAZ*CARMEN*M***MI*WB78930D~NM1*IL*1*DIAZ*CARMEN*M***MI*090106830E~NM1*82*1******FI*113502051~DTM*232*20130617~DTM*233*20130621~SVC*HC:T1019*67.52*67.52**16~DTM*472*20130617~REF*6R*938078001~AMT*B6*67.52~SVC*HC:T1019*101.28*101.28**24~DTM*472*20130618~REF*6R*938078002~AMT*B6*101.28~SVC*HC:T1019*101.28*101.28**24~DTM*472*20130619~REF*6R*938078003~AMT*B6*101.28~SVC*HC:T1019*101.28*101.28**24~DTM*472*20130620~REF*6R*938078004~AMT*B6*101.28~SVC*HC:T1019*101.28*101.28**24~DTM*472*20130621~REF*6R*938078005~AMT*B6*101.28~LX*12~CLP*2479430012008571SUP*1*641.44*641.44**HM*0106281373376*12*1~NM1*QC*1*ESPAILLAT*AMPARO****MI*ZG25447P~NM1*IL*1*ESPAILLAT AMPARO*M****MI*028978649D~NM1*82*1******FI*113502051~DTM*232*20130615~DTM*233*20130621~SVC*HC:T1019*67.52*67.52**16~DTM*472*20130615~REF*6R*938079001~AMT*B6*67.52~SVC*HC:T1019*67.52*67.52**16~DTM*472*20130616~REF*6R*938079002~AMT*B6*67.52~SVC*HC:T1019*101.28*101.28**24~DTM*472*20130617~REF*6R*938079003~AMT*B6*101.28~SVC*HC:T1019*101.28*101.28**24~DTM*472*20130618~REF*6R*938079004~AMT*B6*101.28~SVC*HC:T1019*101.28*101.28**24~DTM*472*20130619~REF*6R*938079005~AMT*B6*101.28~SVC*HC:T1019*101.28*101.28**24~DTM*472*20130620~REF*6R*938079006~AMT*B6*101.28~SVC*HC:T1019*101.28*101.28**24~DTM*472*20130621~REF*6R*938079007~AMT*B6*101.28~LX*13~CLP*2479440012008257SUP*1*708.96*708.96**HM*0106281373377*12*1~NM1*QC*1*ESTEVEZ*JOSE****MI*YD71377C~NM1*IL*1*ESTEVEZ*JOSE****MI*004282372E~NM1*82*1******FI*113502051~DTM*232*20130615~DTM*233*20130621~SVC*HC:T1019*101.28*101.28**24~DTM*472*20130615~REF*6R*938080001~AMT*B6*101.28~SVC*HC:T1019*101.28*101.28**24~DTM*472*20130616~REF*6R*938080002~AMT*B6*101.28~SVC*HC:T1019*101.28*101.28**24~DTM*472*20130617~REF*6R*938080003~AMT*B6*101.28~SVC*HC:T1019*101.28*101.28**24~DTM*472*20130618~REF*6R*938080004~AMT*B6*101.28~SVC*HC:T1019*101.28*101.28**24~DTM*472*20130619~REF*6R*938080005~AMT*B6*101.28~SVC*HC:T1019*101.28*101.28**24~DTM*472*20130620~REF*6R*938080006~AMT*B6*101.28~SVC*HC:T1019*101.28*101.28**24~DTM*472*20130621~REF*6R*938080007~AMT*B6*101.28~LX*14~CLP*2479450012013454SUP*1*202.56*202.56**HM*0106281373378*12*1~NM1*QC*1*FERNANDEZ*MARIA*C***MI*XG23851A~NM1*IL*1*FERNANDEZ*MARIA*C***MI*025566286I~NM1*82*1******FI*113502051~DTM*232*20130619~DTM*233*20130621~SVC*HC:T1019*67.52*67.52**16~DTM*472*20130619~REF*6R*938081001~AMT*B6*67.52~SVC*HC:T1019*67.52*67.52**16~DTM*472*20130620~REF*6R*938081002~AMT*B6*67.52~SVC*HC:T1019*67.52*67.52**16~DTM*472*20130621~REF*6R*938081003~AMT*B6*67.52~LX*15~CLP*2479460012009001SUP*1*1181.6*1181.6**HM*0106281373379*12*1~NM1*QC*1*FERRERA*FRANCISCA****MI*YH55651V~NM1*IL*1*FERRERA*FRANCISCA****MI*99YH55651V~NM1*82*1******FI*113502051~DTM*232*20130608~DTM*233*20130620~SVC*HC:T1019*168.8*168.8**40~DTM*472*20130608~REF*6R*938082001~AMT*B6*168.8~SVC*HC:T1019*168.8*168.8**40~DTM*472*20130610~REF*6R*938082002~AMT*B6*168.8~SVC*HC:T1019*168.8*168.8**40~DTM*472*20130611~REF*6R*938082003~AMT*B6*168.8~SVC*HC:T1019*168.8*168.8**40~DTM*472*20130617~REF*6R*938082004~AMT*B6*168.8~SVC*HC:T1019*168.8*168.8**40~DTM*472*20130618~REF*6R*938082005~AMT*B6*168.8~SVC*HC:T1019*168.8*168.8**40~DTM*472*20130619~REF*6R*938082006~AMT*B6*168.8~SVC*HC:T1019*168.8*168.8**40~DTM*472*20130620~REF*6R*938082007~AMT*B6*168.8~LX*16~CLP*2479470012013455SUP*1*1181.6*1181.6**HM*0106281373380*12*1~NM1*QC*1*FLORES*MARITZA*S***MI*ZG96532J~NM1*IL*1*FLORES*MARITZA*S***MI*028741851B~NM1*82*1******FI*113502051~DTM*232*20130615~DTM*233*20130621~SVC*HC:T1019*168.8*168.8**40~DTM*472*20130615~REF*6R*938083001~AMT*B6*168.8~SVC*HC:T1019*168.8*168.8**40~DTM*472*20130616~REF*6R*938083002~AMT*B6*168.8~SVC*HC:T1019*168.8*168.8**40~DTM*472*20130617~REF*6R*938083003~AMT*B6*168.8~SVC*HC:T1019*168.8*168.8**40~DTM*472*20130618~REF*6R*938083004~AMT*B6*168.8~SVC*HC:T1019*168.8*168.8**40~DTM*472*20130619~REF*6R*938083005~AMT*B6*168.8~SVC*HC:T1019*168.8*168.8**40~DTM*472*20130620~REF*6R*938083006~AMT*B6*168.8~SVC*HC:T1019*168.8*168.8**40~DTM*472*20130621~REF*6R*938083007~AMT*B6*168.8~LX*17~CLP*2479480012008362SUP*1*1114.08*1114.08**HM*0106281373381*12*1~NM1*QC*1*FONTANES JR*PEDRO****MI*RX10287Z~NM1*IL*1*FONTANES*PEDRO****MI*090453523E~NM1*82*1******FI*113502051~DTM*232*20130615~DTM*233*20130621~SVC*HC:T1019*202.56*202.56**48~DTM*472*20130615~REF*6R*938084001~AMT*B6*202.56~SVC*HC:T1019*202.56*202.56**48~DTM*472*20130616~REF*6R*938084002~AMT*B6*202.56~SVC*HC:T1019*101.28*101.28**24~DTM*472*20130617~REF*6R*938084003~AMT*B6*101.28~SVC*HC:T1019*101.28*101.28**24~DTM*472*20130618~REF*6R*938084004~AMT*B6*101.28~SVC*HC:T1019*202.56*202.56**48~DTM*472*20130619~REF*6R*938084005~AMT*B6*202.56~SVC*HC:T1019*202.56*202.56**48~DTM*472*20130620~REF*6R*938084006~AMT*B6*202.56~SVC*HC:T1019*101.28*101.28**24~DTM*472*20130621~REF*6R*938084007~AMT*B6*101.28~LX*18~CLP*2479490012008411SUP*1*928.4*928.4**HM*0106281373382*12*1~NM1*QC*1*FRANCISCO*RICHARD****MI*XR22414G~NM1*IL*1*FRANCISCO*RICHARD****MI*000761238F~NM1*82*1******FI*113502051~DTM*232*20130615~DTM*233*20130621~SVC*HC:T1019*135.04*135.04**32~DTM*472*20130615~REF*6R*938085001~AMT*B6*135.04~SVC*HC:T1019*135.04*135.04**32~DTM*472*20130616~REF*6R*938085002~AMT*B6*135.04~SVC*HC:T1019*118.16*118.16**28~DTM*472*20130617~REF*6R*938085003~AMT*B6*118.16~SVC*HC:T1019*135.04*135.04**32~DTM*472*20130618~REF*6R*938085004~AMT*B6*135.04~SVC*HC:T1019*135.04*135.04**32~DTM*472*20130619~REF*6R*938085005~AMT*B6*135.04~SVC*HC:T1019*135.04*135.04**32~DTM*472*20130620~REF*6R*938085006~AMT*B6*135.04~SVC*HC:T1019*135.04*135.04**32~DTM*472*20130621~REF*6R*938085007~AMT*B6*135.04~LX*19~CLP*2479500012009425SUP*1*202.56*202.56**HM*0106281373383*12*1~NM1*QC*1*FRIAS HERNANDEZ*BARBARA****MI*YQ10410R~NM1*IL*1*FRIAS BARBARA*I****MI*026990802G~NM1*82*1******FI*113502051~DTM*232*20130617~DTM*233*20130621~SVC*HC:T1019*67.52*67.52**16~DTM*472*20130617~REF*6R*938086001~AMT*B6*67.52~SVC*HC:T1019*67.52*67.52**16~DTM*472*20130619~REF*6R*938086002~AMT*B6*67.52~SVC*HC:T1019*67.52*67.52**16~DTM*472*20130621~REF*6R*938086003~AMT*B6*67.52~LX*20~CLP*2479520012012478SUP*1*945.28*945.28**HM*0106281373385*12*1~NM1*QC*1*ISKANDER*JACOB****MI*YS88012Z~NM1*IL*1*ISKANDER*JACOB****MI*028669406C~NM1*82*1******FI*113502051~DTM*232*20130615~DTM*233*20130621~SVC*HC:T1019*135.04*135.04**32~DTM*472*20130615~REF*6R*938088001~AMT*B6*135.04~SVC*HC:T1019*135.04*135.04**32~DTM*472*20130616~REF*6R*938088002~AMT*B6*135.04~SVC*HC:T1019*135.04*135.04**32~DTM*472*20130617~REF*6R*938088003~AMT*B6*135.04~SVC*HC:T1019*135.04*135.04**32~DTM*472*20130618~REF*6R*938088004~AMT*B6*135.04~SVC*HC:T1019*135.04*135.04**32~DTM*472*20130619~REF*6R*938088005~AMT*B6*135.04~SVC*HC:T1019*135.04*135.04**32~DTM*472*20130620~REF*6R*938088006~AMT*B6*135.04~SVC*HC:T1019*135.04*135.04**32~DTM*472*20130621~REF*6R*938088007~AMT*B6*135.04~LX*21~CLP*2479530012013458SUP*1*337.6*337.6**HM*0106281373386*12*1~NM1*QC*1*JONES*CYNTHIA*Y***MI*ZU54275V~NM1*IL*1*JONES*CYNTHIA*Y***MI*090057283F~NM1*82*1******FI*113502051~DTM*232*20130617~DTM*233*20130621~SVC*HC:T1019*84.4*84.4**20~DTM*472*20130617~REF*6R*938089001~AMT*B6*84.4~SVC*HC:T1019*84.4*84.4**20~DTM*472*20130618~REF*6R*938089002~AMT*B6*84.4~SVC*HC:T1019*84.4*84.4**20~DTM*472*20130619~REF*6R*938089003~AMT*B6*84.4~SVC*HC:T1019*84.4*84.4**20~DTM*472*20130621~REF*6R*938089004~AMT*B6*84.4~LX*22~CLP*2479540012013459SUP*1*1417.92*1417.92**HM*0106281373387*12*1~NM1*QC*1*KHAN*FARUQUE****MI*VM87355G~NM1*IL*1*KHAN*FARUQUE****MI*021148983G~NM1*82*1******FI*113502051~DTM*232*20130615~DTM*233*20130621~SVC*HC:T1019*202.56*202.56**48~DTM*472*20130615~REF*6R*938090001~AMT*B6*202.56~SVC*HC:T1019*202.56*202.56**48~DTM*472*20130616~REF*6R*938090002~AMT*B6*202.56~SVC*HC:T1019*202.56*202.56**48~DTM*472*20130617~REF*6R*938090003~AMT*B6*202.56~SVC*HC:T1019*202.56*202.56**48~DTM*472*20130618~REF*6R*938090004~AMT*B6*202.56~SVC*HC:T1019*202.56*202.56**48~DTM*472*20130619~REF*6R*938090005~AMT*B6*202.56~SVC*HC:T1019*202.56*202.56**48~DTM*472*20130620~REF*6R*938090006~AMT*B6*202.56~SVC*HC:T1019*202.56*202.56**48~DTM*472*20130621~REF*6R*938090007~AMT*B6*202.56~LX*23~CLP*2479550012010967SUP*1*675.2*675.2**HM*0106281373388*12*1~NM1*QC*1*LARA*TOMASA*G***MI*SX47950B~NM1*IL*1*LARA*TOMASA****MI*009839480C~NM1*82*1******FI*113502051~DTM*232*20130615~DTM*233*20130621~SVC*HC:T1019*135.04*135.04**32~DTM*472*20130615~REF*6R*938091001~AMT*B6*135.04~SVC*HC:T1019*135.04*135.04**32~DTM*472*20130617~REF*6R*938091002~AMT*B6*135.04~SVC*HC:T1019*135.04*135.04**32~DTM*472*20130618~REF*6R*938091003~AMT*B6*135.04~SVC*HC:T1019*135.04*135.04**32~DTM*472*20130619~REF*6R*938091004~AMT*B6*135.04~SVC*HC:T1019*135.04*135.04**32~DTM*472*20130621~REF*6R*938091005~AMT*B6*135.04~LX*24~CLP*2479560012010311SUP*4*1417.92*0**HM*0106281373389*12*1~NM1*QC*1*LAZALA*GLADYS****MI*ZT39863D~NM1*IL*1*LAZALA*GLADYS****MI*029466453H~NM1*82*1******FI*113502051~DTM*232*20130615~DTM*233*20130621~SVC*HC:T1019*202.56*0****48~DTM*472*20130615~CAS*OA*96*202.56~REF*6R*938092001~AMT*B6*202.56~SVC*HC:T1019*202.56*0****48~DTM*472*20130616~CAS*OA*96*202.56~REF*6R*938092002~AMT*B6*202.56~SVC*HC:T1019*202.56*0****48~DTM*472*20130617~CAS*OA*96*202.56~REF*6R*938092003~AMT*B6*202.56~SVC*HC:T1019*202.56*0****48~DTM*472*20130618~CAS*OA*96*202.56~REF*6R*938092004~AMT*B6*202.56~SVC*HC:T1019*202.56*0****48~DTM*472*20130619~CAS*OA*96*202.56~REF*6R*938092005~AMT*B6*202.56~SVC*HC:T1019*202.56*0****48~DTM*472*20130620~CAS*OA*96*202.56~REF*6R*938092006~AMT*B6*202.56~SVC*HC:T1019*202.56*0****48~DTM*472*20130621~CAS*OA*96*202.56~REF*6R*938092007~AMT*B6*202.56~LX*25~CLP*2479570012008249SUP*1*1114.08*1114.08**HM*0106281373390*12*1~NM1*QC*1*LOPEZRAMIREZ*CARLOTA****MI*QR43529V~NM1*IL*1*LOPEZ RAMIREZ*CARLOTA****MI*021285259E~NM1*82*1******FI*113502051~DTM*232*20130615~DTM*233*20130621~SVC*HC:T1019*185.68*185.68**44~DTM*472*20130615~REF*6R*938093001~AMT*B6*185.68~SVC*HC:T1019*185.68*185.68**44~DTM*472*20130617~REF*6R*938093002~AMT*B6*185.68~SVC*HC:T1019*185.68*185.68**44~DTM*472*20130618~REF*6R*938093003~AMT*B6*185.68~SVC*HC:T1019*185.68*185.68**44~DTM*472*20130619~REF*6R*938093004~AMT*B6*185.68~SVC*HC:T1019*185.68*185.68**44~DTM*472*20130620~REF*6R*938093005~AMT*B6*185.68~SVC*HC:T1019*185.68*185.68**44~DTM*472*20130621~REF*6R*938093006~AMT*B6*185.68~LX*26~CLP*2479580012008253SUP*1*1417.92*1417.92**HM*0106281373391*12*1~NM1*QC*1*MACARENO*SAHARA*S***MI*VT07830U~NM1*IL*1*MACARENO*SAHARA****MI*004698005I~NM1*82*1******FI*113502051~DTM*232*20130615~DTM*233*20130621~SVC*HC:T1019*202.56*202.56**48~DTM*472*20130615~REF*6R*938094001~AMT*B6*202.56~SVC*HC:T1019*202.56*202.56**48~DTM*472*20130616~REF*6R*938094002~AMT*B6*202.56~SVC*HC:T1019*202.56*202.56**48~DTM*472*20130617~REF*6R*938094003~AMT*B6*202.56~SVC*HC:T1019*202.56*202.56**48~DTM*472*20130618~REF*6R*938094004~AMT*B6*202.56~SVC*HC:T1019*202.56*202.56**48~DTM*472*20130619~REF*6R*938094005~AMT*B6*202.56~SVC*HC:T1019*202.56*202.56**48~DTM*472*20130620~REF*6R*938094006~AMT*B6*202.56~SVC*HC:T1019*202.56*202.56**48~DTM*472*20130621~REF*6R*938094007~AMT*B6*202.56~LX*27~CLP*2479590012013462SUP*1*708.96*708.96**HM*0106281373392*12*1~NM1*QC*1*HERNANDEZ*EDWIN*M***MI*XV26396D~NM1*IL*1*HERNANDEZ*EDWIN*M***MI*027297176D~NM1*82*1******FI*113502051~DTM*232*20130615~DTM*233*20130621~SVC*HC:T1019*101.28*101.28**24~DTM*472*20130615~REF*6R*938095001~AMT*B6*101.28~SVC*HC:T1019*101.28*101.28**24~DTM*472*20130616~REF*6R*938095002~AMT*B6*101.28~SVC*HC:T1019*101.28*101.28**24~DTM*472*20130617~REF*6R*938095003~AMT*B6*101.28~SVC*HC:T1019*101.28*101.28**24~DTM*472*20130618~REF*6R*938095004~AMT*B6*101.28~SVC*HC:T1019*101.28*101.28**24~DTM*472*20130619~REF*6R*938095005~AMT*B6*101.28~SVC*HC:T1019*101.28*101.28**24~DTM*472*20130620~REF*6R*938095006~AMT*B6*101.28~SVC*HC:T1019*101.28*101.28**24~DTM*472*20130621~REF*6R*938095007~AMT*B6*101.28~LX*28~CLP*2479600012013463SUP*1*607.68*607.68**HM*0106281373393*12*1~NM1*QC*1*MOSKOWITZ*RONA****MI*ZK67666G~NM1*IL*1*MOSKOWITZ*RONA****MI*029306607C~NM1*82*1******FI*113502051~DTM*232*20130615~DTM*233*20130621~SVC*HC:T1019*101.28*101.28**24~DTM*472*20130615~REF*6R*938096001~AMT*B6*101.28~SVC*HC:T1019*101.28*101.28**24~DTM*472*20130617~REF*6R*938096002~AMT*B6*101.28~SVC*HC:T1019*101.28*101.28**24~DTM*472*20130618~REF*6R*938096003~AMT*B6*101.28~SVC*HC:T1019*101.28*101.28**24~DTM*472*20130619~REF*6R*938096004~AMT*B6*101.28~SVC*HC:T1019*101.28*101.28**24~DTM*472*20130620~REF*6R*938096005~AMT*B6*101.28~SVC*HC:T1019*101.28*101.28**24~DTM*472*20130621~REF*6R*938096006~AMT*B6*101.28~LX*29~CLP*2479610012013464SUP*1*506.4*506.4**HM*0106281373394*12*1~NM1*QC*1*OCASIO*VIRGINIA****MI*ZC22374W~NM1*IL*1*OCASIO*VIRGINIA****MI*005237646E~NM1*82*1******FI*113502051~DTM*232*20130617~DTM*233*20130621~SVC*HC:T1019*101.28*101.28**24~DTM*472*20130617~REF*6R*938097001~AMT*B6*101.28~SVC*HC:T1019*101.28*101.28**24~DTM*472*20130618~REF*6R*938097002~AMT*B6*101.28~SVC*HC:T1019*101.28*101.28**24~DTM*472*20130619~REF*6R*938097003~AMT*B6*101.28~SVC*HC:T1019*101.28*101.28**24~DTM*472*20130620~REF*6R*938097004~AMT*B6*101.28~SVC*HC:T1019*101.28*101.28**24~DTM*472*20130621~REF*6R*938097005~AMT*B6*101.28~LX*30~CLP*2479620012012683SUP*1*607.68*607.68**HM*0106281373395*12*1~NM1*QC*1*ORTIZ*TULA****MI*ST52677J~NM1*IL*1*ORTIZ*TULA****MI*003457338G~NM1*82*1******FI*113502051~DTM*232*20130615~DTM*233*20130621~SVC*HC:T1019*101.28*101.28**24~DTM*472*20130615~REF*6R*938098001~AMT*B6*101.28~SVC*HC:T1019*101.28*101.28**24~DTM*472*20130617~REF*6R*938098002~AMT*B6*101.28~SVC*HC:T1019*101.28*101.28**24~DTM*472*20130618~REF*6R*938098003~AMT*B6*101.28~SVC*HC:T1019*101.28*101.28**24~DTM*472*20130619~REF*6R*938098004~AMT*B6*101.28~SVC*HC:T1019*101.28*101.28**24~DTM*472*20130620~REF*6R*938098005~AMT*B6*101.28~SVC*HC:T1019*101.28*101.28**24~DTM*472*20130621~REF*6R*938098006~AMT*B6*101.28~LX*31~CLP*2479630012013053SUP*1*1417.92*1417.92**HM*0106281373396*12*1~NM1*QC*1*PALAZZOLO*FLORENCE****MI*PD96979S~NM1*IL*1*PALAZZOLO*FLORENCE****MI*023925099G~NM1*82*1******FI*113502051~DTM*232*20130614~DTM*233*20130621~SVC*HC:T1020*202.56*202.56**12~DTM*472*20130614~REF*6R*938099001~AMT*B6*202.56~SVC*HC:T1020*202.56*202.56**12~DTM*472*20130615~REF*6R*938099002~AMT*B6*202.56~SVC*HC:T1020*202.56*202.56**12~DTM*472*20130616~REF*6R*938099003~AMT*B6*202.56~SVC*HC:T1020*405.12*405.12**24~DTM*472*20130617~REF*6R*938099004~AMT*B6*405.12~SVC*HC:T1020*202.56*202.56**12~DTM*472*20130620~REF*6R*938099005~AMT*B6*202.56~SVC*HC:T1020*202.56*202.56**12~DTM*472*20130621~REF*6R*938099006~AMT*B6*202.56~LX*32~CLP*2479650012008246SUP*1*354.48*354.48**HM*0106281373398*12*1~NM1*QC*1*RIVERA*CHRISTOPHE****MI*UW23596M~NM1*IL*1*RIVERA CHRISTOPHE*A****MI*004574816H~NM1*82*1******FI*113502051~DTM*232*20130615~DTM*233*20130621~SVC*HC:T1019*50.64*50.64**12~DTM*472*20130615~REF*6R*938101001~AMT*B6*50.64~SVC*HC:T1019*50.64*50.64**12~DTM*472*20130616~REF*6R*938101002~AMT*B6*50.64~SVC*HC:T1019*50.64*50.64**12~DTM*472*20130617~REF*6R*938101003~AMT*B6*50.64~SVC*HC:T1019*50.64*50.64**12~DTM*472*20130618~REF*6R*938101004~AMT*B6*50.64~SVC*HC:T1019*50.64*50.64**12~DTM*472*20130619~REF*6R*938101005~AMT*B6*50.64~SVC*HC:T1019*50.64*50.64**12~DTM*472*20130620~REF*6R*938101006~AMT*B6*50.64~SVC*HC:T1019*50.64*50.64**12~DTM*472*20130621~REF*6R*938101007~AMT*B6*50.64~LX*33~CLP*2479660012008248SUP*1*202.56*202.56**HM*0106281373399*12*1~NM1*QC*1*RIVERA*EDDIE****MI*YP34893V~NM1*IL*1*RIVERA*EDDIE****MI*000384933I~NM1*82*1******FI*113502051~DTM*232*20130617~DTM*233*20130620~SVC*HC:T1019*50.64*50.64**12~DTM*472*20130617~REF*6R*938102001~AMT*B6*50.64~SVC*HC:T1019*50.64*50.64**12~DTM*472*20130618~REF*6R*938102002~AMT*B6*50.64~SVC*HC:T1019*50.64*50.64**12~DTM*472*20130619~REF*6R*938102003~AMT*B6*50.64~SVC*HC:T1019*50.64*50.64**12~DTM*472*20130620~REF*6R*938102004~AMT*B6*50.64~LX*34~CLP*2479670012013465SUP*1*506.4*506.4**HM*0106281373401*12*1~NM1*QC*1*RODRIGUEZ*MARIA****MI*SB98419Y~NM1*IL*1*RODRIGUEZ*MARIA****MI*006405869G~NM1*82*1******FI*113502051~DTM*232*20130617~DTM*233*20130621~SVC*HC:T1019*101.28*101.28**24~DTM*472*20130617~REF*6R*938103001~AMT*B6*101.28~SVC*HC:T1019*101.28*101.28**24~DTM*472*20130618~REF*6R*938103002~AMT*B6*101.28~SVC*HC:T1019*101.28*101.28**24~DTM*472*20130619~REF*6R*938103003~AMT*B6*101.28~SVC*HC:T1019*101.28*101.28**24~DTM*472*20130620~REF*6R*938103004~AMT*B6*101.28~SVC*HC:T1019*101.28*101.28**24~DTM*472*20130621~REF*6R*938103005~AMT*B6*101.28~LX*35~CLP*2479680012013466SUP*1*337.6*337.6**HM*0106281373402*12*1~NM1*QC*1*RODRIGUEZ*JESSE*D***MI*YC62425G~NM1*IL*1*RODRIGUEZ*JESSE*D***MI*029089048C~NM1*82*1******FI*113502051~DTM*232*20130618~DTM*233*20130621~SVC*HC:T1019*84.4*84.4**20~DTM*472*20130618~REF*6R*938104001~AMT*B6*84.4~SVC*HC:T1019*84.4*84.4**20~DTM*472*20130619~REF*6R*938104002~AMT*B6*84.4~SVC*HC:T1019*84.4*84.4**20~DTM*472*20130620~REF*6R*938104003~AMT*B6*84.4~SVC*HC:T1019*84.4*84.4**20~DTM*472*20130621~REF*6R*938104004~AMT*B6*84.4~LX*36~CLP*2479690012008368SUP*1*337.6*337.6**HM*0106281373403*12*1~NM1*QC*1*RODRIGUEZ*MARGARET****MI*ZP21043J~NM1*IL*1*RODRIGUEZ*MARGARET****MI*029442302F~NM1*82*1******FI*113502051~DTM*232*20130617~DTM*233*20130621~SVC*HC:T1019*67.52*67.52**16~DTM*472*20130617~REF*6R*938105001~AMT*B6*67.52~SVC*HC:T1019*67.52*67.52**16~DTM*472*20130618~REF*6R*938105002~AMT*B6*67.52~SVC*HC:T1019*67.52*67.52**16~DTM*472*20130619~REF*6R*938105003~AMT*B6*67.52~SVC*HC:T1019*67.52*67.52**16~DTM*472*20130620~REF*6R*938105004~AMT*B6*67.52~SVC*HC:T1019*67.52*67.52**16~DTM*472*20130621~REF*6R*938105005~AMT*B6*67.52~LX*37~CLP*2479700012008250SUP*1*945.28*945.28**HM*0106281373404*12*1~NM1*QC*1*SALAZAR*LUZ****MI*SC60317K~NM1*IL*1*SALAZAR*LUZ****MI*006227437I~NM1*82*1******FI*113502051~DTM*232*20130615~DTM*233*20130621~SVC*HC:T1019*135.04*135.04**32~DTM*472*20130615~REF*6R*938106001~AMT*B6*135.04~SVC*HC:T1019*135.04*135.04**32~DTM*472*20130616~REF*6R*938106002~AMT*B6*135.04~SVC*HC:T1019*135.04*135.04**32~DTM*472*20130617~REF*6R*938106003~AMT*B6*135.04~SVC*HC:T1019*135.04*135.04**32~DTM*472*20130618~REF*6R*938106004~AMT*B6*135.04~SVC*HC:T1019*135.04*135.04**32~DTM*472*20130619~REF*6R*938106005~AMT*B6*135.04~SVC*HC:T1019*135.04*135.04**32~DTM*472*20130620~REF*6R*938106006~AMT*B6*135.04~SVC*HC:T1019*135.04*135.04**32~DTM*472*20130621~REF*6R*938106007~AMT*B6*135.04~LX*38~CLP*2479710012008290SUP*1*675.2*675.2**HM*0106281373405*12*1~NM1*QC*1*SALHUANA*YOLANDA****MI*SZ24247J~NM1*IL*1*SALHUANA*YOLANDA****MI*003059572C~NM1*82*1******FI*113502051~DTM*232*20130617~DTM*233*20130621~SVC*HC:T1019*135.04*135.04**32~DTM*472*20130617~REF*6R*938107001~AMT*B6*135.04~SVC*HC:T1019*135.04*135.04**32~DTM*472*20130618~REF*6R*938107002~AMT*B6*135.04~SVC*HC:T1019*135.04*135.04**32~DTM*472*20130619~REF*6R*938107003~AMT*B6*135.04~SVC*HC:T1019*135.04*135.04**32~DTM*472*20130620~REF*6R*938107004~AMT*B6*135.04~SVC*HC:T1019*135.04*135.04**32~DTM*472*20130621~REF*6R*938107005~AMT*B6*135.04~LX*39~CLP*2479730012013467SUP*1*1181.6*1181.6**HM*0106281373407*12*1~NM1*QC*1*SHEPPARD*ERMA****MI*ZX55600A~NM1*IL*1*SHEPPARD*ERMA****MI*028595080E~NM1*82*1******FI*113502051~DTM*232*20130615~DTM*233*20130621~SVC*HC:T1019*168.8*168.8**40~DTM*472*20130615~REF*6R*938109001~AMT*B6*168.8~SVC*HC:T1019*168.8*168.8**40~DTM*472*20130616~REF*6R*938109002~AMT*B6*168.8~SVC*HC:T1019*168.8*168.8**40~DTM*472*20130617~REF*6R*938109003~AMT*B6*168.8~SVC*HC:T1019*168.8*168.8**40~DTM*472*20130618~REF*6R*938109004~AMT*B6*168.8~SVC*HC:T1019*168.8*168.8**40~DTM*472*20130619~REF*6R*938109005~AMT*B6*168.8~SVC*HC:T1019*168.8*168.8**40~DTM*472*20130620~REF*6R*938109006~AMT*B6*168.8~SVC*HC:T1019*168.8*168.8**40~DTM*472*20130621~REF*6R*938109007~AMT*B6*168.8~LX*40~CLP*2479740012008254SUP*1*675.2*675.2**HM*0106281373408*12*1~NM1*QC*1*SPIVEY*PATRICIA****MI*WE52435B~NM1*IL*1*SPIVEY*PATRICIA****MI*002141585G~NM1*82*1******FI*113502051~DTM*232*20130617~DTM*233*20130621~SVC*HC:T1019*135.04*135.04**32~DTM*472*20130617~REF*6R*938110001~AMT*B6*135.04~SVC*HC:T1019*135.04*135.04**32~DTM*472*20130618~REF*6R*938110002~AMT*B6*135.04~SVC*HC:T1019*135.04*135.04**32~DTM*472*20130619~REF*6R*938110003~AMT*B6*135.04~SVC*HC:T1019*135.04*135.04**32~DTM*472*20130620~REF*6R*938110004~AMT*B6*135.04~SVC*HC:T1019*135.04*135.04**32~DTM*472*20130621~REF*6R*938110005~AMT*B6*135.04~LX*41~CLP*2479750012011820SUP*1*1147.84*1147.84**HM*0106281373409*12*1~NM1*QC*1*ST.ROMAIN*CLAUDE****MI*UZ14868C~NM1*IL*1*ST ROMAIN*CLAUDE****MI*001801518A~NM1*82*1******FI*113502051~DTM*232*20130615~DTM*233*20130621~SVC*HC:T1019*151.92*151.92**36~DTM*472*20130615~REF*6R*938111001~AMT*B6*151.92~SVC*HC:T1019*151.92*151.92**36~DTM*472*20130616~REF*6R*938111002~AMT*B6*151.92~SVC*HC:T1019*168.8*168.8**40~DTM*472*20130617~REF*6R*938111003~AMT*B6*168.8~SVC*HC:T1019*168.8*168.8**40~DTM*472*20130618~REF*6R*938111004~AMT*B6*168.8~SVC*HC:T1019*168.8*168.8**40~DTM*472*20130619~REF*6R*938111005~AMT*B6*168.8~SVC*HC:T1019*168.8*168.8**40~DTM*472*20130620~REF*6R*938111006~AMT*B6*168.8~SVC*HC:T1019*168.8*168.8**40~DTM*472*20130621~REF*6R*938111007~AMT*B6*168.8~LX*42~CLP*2479760012008558SUP*1*810.24*810.24**HM*0106281373410*12*1~NM1*QC*1*SURIEL*GERTRUDIS****MI*ZE67447D~NM1*IL*1*SURIEL*GERTRUDIS****MI*094721847F~NM1*82*1******FI*113502051~DTM*232*20130615~DTM*233*20130621~SVC*HC:T1019*202.56*202.56**48~DTM*472*20130615~REF*6R*938112001~AMT*B6*202.56~SVC*HC:T1019*202.56*202.56**48~DTM*472*20130618~REF*6R*938112002~AMT*B6*202.56~SVC*HC:T1019*202.56*202.56**48~DTM*472*20130619~REF*6R*938112003~AMT*B6*202.56~SVC*HC:T1019*202.56*202.56**48~DTM*472*20130621~REF*6R*938112004~AMT*B6*202.56~LX*43~CLP*2479770012012772SUP*1*793.36*793.36**HM*0106281373411*12*1~NM1*QC*1*THORNTON*SHIRLEY****MI*ZM67702P~NM1*IL*1*THORNTON*SHIRLEY****MI*026827494B~NM1*82*1******FI*113502051~DTM*232*20130615~DTM*233*20130621~SVC*HC:T1019*135.04*135.04**32~DTM*472*20130615~REF*6R*938113001~AMT*B6*135.04~SVC*HC:T1019*135.04*135.04**32~DTM*472*20130616~REF*6R*938113002~AMT*B6*135.04~SVC*HC:T1019*84.4*84.4**20~DTM*472*20130617~REF*6R*938113003~AMT*B6*84.4~SVC*HC:T1019*135.04*135.04**32~DTM*472*20130618~REF*6R*938113004~AMT*B6*135.04~SVC*HC:T1019*84.4*84.4**20~DTM*472*20130619~REF*6R*938113005~AMT*B6*84.4~SVC*HC:T1019*135.04*135.04**32~DTM*472*20130620~REF*6R*938113006~AMT*B6*135.04~SVC*HC:T1019*84.4*84.4**20~DTM*472*20130621~REF*6R*938113007~AMT*B6*84.4~LX*44~CLP*2479780012010758SUP*1*337.6*337.6**HM*0106281373412*12*1~NM1*QC*1*VASQUEZ*OLGA****MI*WU00136E~NM1*IL*1*VASQUEZ*OLGA****MI*99WU00136E~NM1*82*1******FI*113502051~DTM*232*20130615~DTM*233*20130621~SVC*HC:T1019*84.4*84.4**20~DTM*472*20130615~REF*6R*938114001~AMT*B6*84.4~SVC*HC:T1019*84.4*84.4**20~DTM*472*20130616~REF*6R*938114002~AMT*B6*84.4~SVC*HC:T1019*84.4*84.4**20~DTM*472*20130620~REF*6R*938114003~AMT*B6*84.4~SVC*HC:T1019*84.4*84.4**20~DTM*472*20130621~REF*6R*938114004~AMT*B6*84.4~LX*45~CLP*2479790012010009SUP*1*675.2*675.2**HM*0106281373413*12*1~NM1*QC*1*VEGA*GLORIA****MI*ZU45073J~NM1*IL*1*VEGA*GLORIA****MI*029675346A~NM1*82*1******FI*113502051~DTM*232*20130617~DTM*233*20130621~SVC*HC:T1019*135.04*135.04**32~DTM*472*20130617~REF*6R*938115001~AMT*B6*135.04~SVC*HC:T1019*135.04*135.04**32~DTM*472*20130618~REF*6R*938115002~AMT*B6*135.04~SVC*HC:T1019*135.04*135.04**32~DTM*472*20130619~REF*6R*938115003~AMT*B6*135.04~SVC*HC:T1019*135.04*135.04**32~DTM*472*20130620~REF*6R*938115004~AMT*B6*135.04~SVC*HC:T1019*135.04*135.04**32~DTM*472*20130621~REF*6R*938115005~AMT*B6*135.04~LX*46~CLP*2479800012013468SUP*1*270.08*270.08**HM*0106281373414*12*1~NM1*QC*1*WELLS*WYNORIA****MI*ZR27322A~NM1*IL*1*WELLS*WYNORIA****MI*094802461H~NM1*82*1******FI*113502051~DTM*232*20130617~DTM*233*20130621~SVC*HC:T1019*67.52*67.52**16~DTM*472*20130617~REF*6R*938116001~AMT*B6*67.52~SVC*HC:T1019*67.52*67.52**16~DTM*472*20130618~REF*6R*938116002~AMT*B6*67.52~SVC*HC:T1019*67.52*67.52**16~DTM*472*20130620~REF*6R*938116003~AMT*B6*67.52~SVC*HC:T1019*67.52*67.52**16~DTM*472*20130621~REF*6R*938116004~AMT*B6*67.52~LX*47~CLP*2479810012013469SUP*1*641.44*641.44**HM*0106281373415*12*1~NM1*QC*1*WILSON*SHERYL*A***MI*UR09425R~NM1*IL*1*WILSON*SHERYL*A***MI*028641214D~NM1*82*1******FI*113502051~DTM*232*20130615~DTM*233*20130621~SVC*HC:T1019*67.52*67.52**16~DTM*472*20130615~REF*6R*938117001~AMT*B6*67.52~SVC*HC:T1019*67.52*67.52**16~DTM*472*20130616~REF*6R*938117002~AMT*B6*67.52~SVC*HC:T1019*101.28*101.28**24~DTM*472*20130617~REF*6R*938117003~AMT*B6*101.28~SVC*HC:T1019*101.28*101.28**24~DTM*472*20130618~REF*6R*938117004~AMT*B6*101.28~SVC*HC:T1019*101.28*101.28**24~DTM*472*20130619~REF*6R*938117005~AMT*B6*101.28~SVC*HC:T1019*101.28*101.28**24~DTM*472*20130620~REF*6R*938117006~AMT*B6*101.28~SVC*HC:T1019*101.28*101.28**24~DTM*472*20130621~REF*6R*938117007~AMT*B6*101.28~LX*48~CLP*02463972013430*4*66928*0**HM*0107021387869*12*1~NM1*QC*1*TAVERAS*JOSE*A***MI*QF26081Y~NM1*IL*1*TAVERAS*JOSE****MI*021977741E~NM1*82*1******FI*113502051~DTM*232*20130608~DTM*233*20130614~SVC*HC:T1019*11392*0****32~DTM*472*20130608~CAS*CO*197*11256.96~CAS*OA*96*135.04~REF*6R*000000000000000000000000000001~AMT*B6*135.04~SVC*HC:T1019*9968*0****28~DTM*472*20130610~CAS*CO*197*9849.84~CAS*OA*96*118.16~REF*6R*000000000000000000000000000002~AMT*B6*118.16~SVC*HC:T1019*11392*0****32~DTM*472*20130611~CAS*CO*197*11256.96~CAS*OA*96*135.04~REF*6R*000000000000000000000000000003~AMT*B6*135.04~SVC*HC:T1019*11392*0****32~DTM*472*20130612~CAS*CO*197*11256.96~CAS*OA*96*135.04~REF*6R*000000000000000000000000000004~AMT*B6*135.04~SVC*HC:T1019*11392*0****32~DTM*472*20130613~CAS*CO*197*11256.96~CAS*OA*96*135.04~REF*6R*000000000000000000000000000005~AMT*B6*135.04~SVC*HC:T1019*11392*0****32~DTM*472*20130614~CAS*CO*197*11256.96~CAS*OA*96*135.04~REF*6R*000000000000000000000000000006~AMT*B6*135.04~SE*1508*0001~GE*1*1~IEA*1*004497104~