ISA*00*          *00*          *ZZ*133052274      *ZZ*223389595      *130719*0824*U*00401*004497110*0*P*:~GS*HP*133052274*223389595*20130719*0824*1*X*004010X091A1~ST*835*0001~BPR*C*23307.32*C*ACH*CTX*01*999999999*DA*999999999*113-410388**01*021000089*DA*34182965*20130718~TRN*1*98000004426*113-410388*80141~DTM*405*20130718~N1*PR*SENIOR HEALTH PARTNERS*XV*13-410388~N3*100 CHURCH STREET,18TH FL*ATT  VP FINANCE~N4*NEW YORK*NY*10007~REF*2U*80141~N1*PE*SUNNYSIDE CITYWIDE HOME CARE*FI*113502051~N4*SUNNYSIDE*NY*11104~LX*1~CLP*02454582012041*4*142.4*0**HM*0106211382943*12*1~NM1*QC*1*ESCANIO*ANTONIO****MI*ST38273T~NM1*82*1******FI*113502051~DTM*232*20130601~DTM*233*20130607~SVC*HC:T1019*28.48*0****8~DTM*472*20130601~CAS*OA*96*28.48~REF*6R*000000000000000000000000000001~AMT*B6*28.48~SVC*HC:T1019*28.48*0****8~DTM*472*20130602~CAS*OA*96*28.48~REF*6R*000000000000000000000000000002~AMT*B6*28.48~SVC*HC:T1019*28.48*0****8~DTM*472*20130603~CAS*OA*96*28.48~REF*6R*000000000000000000000000000003~AMT*B6*28.48~SVC*HC:T1019*28.48*0****8~DTM*472*20130604~CAS*OA*96*28.48~REF*6R*000000000000000000000000000004~AMT*B6*28.48~SVC*HC:T1019*28.48*0****8~DTM*472*20130607~CAS*OA*96*28.48~REF*6R*000000000000000000000000000005~AMT*B6*28.48~LX*2~CLP*02454922011794*4*384.48*0**HM*0106211382976*12*1~NM1*QC*1*RUIZ*MIRTA****MI*ZS10861D~NM1*82*1******FI*113502051~DTM*232*20130604~DTM*233*20130606~SVC*HC:T1019*128.16*0****36~DTM*472*20130604~CAS*OA*96*128.16~REF*6R*000000000000000000000000000001~AMT*B6*128.16~SVC*HC:T1019*128.16*0****36~DTM*472*20130605~CAS*OA*96*128.16~REF*6R*000000000000000000000000000002~AMT*B6*128.16~SVC*HC:T1019*128.16*0****36~DTM*472*20130606~CAS*OA*96*128.16~REF*6R*000000000000000000000000000003~AMT*B6*128.16~LX*3~CLP*02463862012973*1*797.44*797.44**HM*0107021386926*12*1~NM1*QC*1*ANDERSON*BETH*K***MI*YC43135F~NM1*82*1******FI*113502051~DTM*232*20130608~DTM*233*20130614~SVC*HC:T1019*113.92*113.92**32~DTM*472*20130608~REF*6R*000000000000000000000000000001~AMT*B6*113.92~SVC*HC:T1019*113.92*113.92**32~DTM*472*20130609~REF*6R*000000000000000000000000000002~AMT*B6*113.92~SVC*HC:T1019*113.92*113.92**32~DTM*472*20130610~REF*6R*000000000000000000000000000003~AMT*B6*113.92~SVC*HC:T1019*113.92*113.92**32~DTM*472*20130611~REF*6R*000000000000000000000000000004~AMT*B6*113.92~SVC*HC:T1019*113.92*113.92**32~DTM*472*20130612~REF*6R*000000000000000000000000000005~AMT*B6*113.92~SVC*HC:T1019*113.92*113.92**32~DTM*472*20130613~REF*6R*000000000000000000000000000006~AMT*B6*113.92~SVC*HC:T1019*113.92*113.92**32~DTM*472*20130614~REF*6R*000000000000000000000000000007~AMT*B6*113.92~LX*4~CLP*02463902011943*1*1196.16*1196.16**HM*0107021386927*12*1~NM1*QC*1*CUEVA*RAFAELA*E***MI*WF24218W~NM1*82*1******FI*113502051~DTM*232*20130608~DTM*233*20130614~SVC*HC:T1019*170.88*170.88**48~DTM*472*20130608~REF*6R*000000000000000000000000000001~AMT*B6*170.88~SVC*HC:T1019*170.88*170.88**48~DTM*472*20130609~REF*6R*000000000000000000000000000002~AMT*B6*170.88~SVC*HC:T1019*170.88*170.88**48~DTM*472*20130610~REF*6R*000000000000000000000000000003~AMT*B6*170.88~SVC*HC:T1019*170.88*170.88**48~DTM*472*20130611~REF*6R*000000000000000000000000000004~AMT*B6*170.88~SVC*HC:T1019*170.88*170.88**48~DTM*472*20130612~REF*6R*000000000000000000000000000005~AMT*B6*170.88~SVC*HC:T1019*170.88*170.88**48~DTM*472*20130613~REF*6R*000000000000000000000000000006~AMT*B6*170.88~SVC*HC:T1019*170.88*170.88**48~DTM*472*20130614~REF*6R*000000000000000000000000000007~AMT*B6*170.88~LX*5~CLP*02463942011964*1*99680*997.5**HM*0107021386928*12*1~NM1*QC*1*FULLER*WILLIAM****MI*YX25158Y~NM1*82*1******FI*113502051~DTM*232*20130608~DTM*233*20130614~SVC*HC:T1019*14240*142.5**40~DTM*472*20130608~CAS*CO*45*14097.5~REF*6R*000000000000000000000000000001~AMT*B6*142.5~SVC*HC:T1019*14240*142.5**40~DTM*472*20130609~CAS*CO*45*14097.5~REF*6R*000000000000000000000000000002~AMT*B6*142.5~SVC*HC:T1019*14240*142.5**40~DTM*472*20130610~CAS*CO*45*14097.5~REF*6R*000000000000000000000000000003~AMT*B6*142.5~SVC*HC:T1019*14240*142.5**40~DTM*472*20130611~CAS*CO*45*14097.5~REF*6R*000000000000000000000000000004~AMT*B6*142.5~SVC*HC:T1019*14240*142.5**40~DTM*472*20130612~CAS*CO*45*14097.5~REF*6R*000000000000000000000000000005~AMT*B6*142.5~SVC*HC:T1019*14240*142.5**40~DTM*472*20130613~CAS*CO*45*14097.5~REF*6R*000000000000000000000000000006~AMT*B6*142.5~SVC*HC:T1019*14240*142.5**40~DTM*472*20130614~CAS*CO*45*14097.5~REF*6R*000000000000000000000000000007~AMT*B6*142.5~LX*6~CLP*0246392009442*1*498.4*498.4**HM*0107021386929*12*1~NM1*QC*1*GHILIOTTY*FLORENTIN****MI*ZN29900K~NM1*82*1******FI*113502051~DTM*232*20130608~DTM*233*20130614~SVC*HC:T1019*71.2*71.2**20~DTM*472*20130608~REF*6R*000000000000000000000000000001~AMT*B6*71.2~SVC*HC:T1019*71.2*71.2**20~DTM*472*20130609~REF*6R*000000000000000000000000000002~AMT*B6*71.2~SVC*HC:T1019*71.2*71.2**20~DTM*472*20130610~REF*6R*000000000000000000000000000003~AMT*B6*71.2~SVC*HC:T1019*71.2*71.2**20~DTM*472*20130611~REF*6R*000000000000000000000000000004~AMT*B6*71.2~SVC*HC:T1019*71.2*71.2**20~DTM*472*20130612~REF*6R*000000000000000000000000000005~AMT*B6*71.2~SVC*HC:T1019*71.2*71.2**20~DTM*472*20130613~REF*6R*000000000000000000000000000006~AMT*B6*71.2~SVC*HC:T1019*71.2*71.2**20~DTM*472*20130614~REF*6R*000000000000000000000000000007~AMT*B6*71.2~LX*7~CLP*02463982011867*1*954.08*954.08**HM*0107021386930*12*1~NM1*QC*1*GOODWIN*CLYDE****MI*RF40230A~NM1*82*1******FI*113502051~DTM*232*20130608~DTM*233*20130614~SVC*HC:T1019*142.4*142.4**40~DTM*472*20130608~REF*6R*000000000000000000000000000001~AMT*B6*142.4~SVC*HC:T1019*142.4*142.4**40~DTM*472*20130609~REF*6R*000000000000000000000000000002~AMT*B6*142.4~SVC*HC:T1019*142.4*142.4**40~DTM*472*20130610~REF*6R*000000000000000000000000000003~AMT*B6*142.4~SVC*HC:T1019*142.4*142.4**40~DTM*472*20130611~REF*6R*000000000000000000000000000004~AMT*B6*142.4~SVC*HC:T1019*142.4*142.4**40~DTM*472*20130612~REF*6R*000000000000000000000000000005~AMT*B6*142.4~SVC*HC:T1019*99.68*99.68**28~DTM*472*20130613~REF*6R*000000000000000000000000000006~AMT*B6*99.68~SVC*HC:T1019*142.4*142.4**40~DTM*472*20130614~REF*6R*000000000000000000000000000007~AMT*B6*142.4~LX*8~CLP*02464002007478*1*469.92*469.92**HM*0107021386931*12*1~NM1*QC*1*HARIDIN*KHAMATTIE****MI*WS44546W~NM1*82*1******FI*113502051~DTM*232*20130608~DTM*233*20130614~SVC*HC:S5125*56.96*56.96**16~DTM*472*20130608~REF*6R*000000000000000000000000000001~AMT*B6*56.96~SVC*HC:S5125*56.96*56.96**16~DTM*472*20130609~REF*6R*000000000000000000000000000002~AMT*B6*56.96~SVC*HC:S5125*71.2*71.2**20~DTM*472*20130610~REF*6R*000000000000000000000000000003~AMT*B6*71.2~SVC*HC:S5125*71.2*71.2**20~DTM*472*20130611~REF*6R*000000000000000000000000000004~AMT*B6*71.2~SVC*HC:S5125*71.2*71.2**20~DTM*472*20130612~REF*6R*000000000000000000000000000005~AMT*B6*71.2~SVC*HC:S5125*71.2*71.2**20~DTM*472*20130613~REF*6R*000000000000000000000000000006~AMT*B6*71.2~SVC*HC:S5125*71.2*71.2**20~DTM*472*20130614~REF*6R*000000000000000000000000000007~AMT*B6*71.2~LX*9~CLP*02464012007590*1*1751.52*1751.52**HM*0107021386932*12*1~NM1*QC*1*HARIDIN*RAMDIAL****MI*SE14035X~NM1*82*1******FI*113502051~DTM*232*20130608~DTM*233*20130614~SVC*HC:S5125*113.92*113.92**32~DTM*472*20130608~REF*6R*000000000000000000000000000001~AMT*B6*113.92~SVC*HC:S5125*170.88*170.88**48~DTM*472*20130608~REF*6R*000000000000000000000000000002~AMT*B6*170.88~SVC*HC:S5125*113.92*113.92**32~DTM*472*20130609~REF*6R*000000000000000000000000000003~AMT*B6*113.92~SVC*HC:S5125*99.68*99.68**28~DTM*472*20130610~REF*6R*000000000000000000000000000004~AMT*B6*99.68~SVC*HC:S5125*170.88*170.88**48~DTM*472*20130610~REF*6R*000000000000000000000000000005~AMT*B6*170.88~SVC*HC:S5125*99.68*99.68**28~DTM*472*20130611~REF*6R*000000000000000000000000000006~AMT*B6*99.68~SVC*HC:S5125*170.88*170.88**48~DTM*472*20130611~REF*6R*000000000000000000000000000007~AMT*B6*170.88~SVC*HC:S5125*99.68*99.68**28~DTM*472*20130612~REF*6R*000000000000000000000000000008~AMT*B6*99.68~SVC*HC:S5125*170.88*170.88**48~DTM*472*20130612~REF*6R*000000000000000000000000000009~AMT*B6*170.88~SVC*HC:S5125*99.68*99.68**28~DTM*472*20130613~REF*6R*000000000000000000000000000010~AMT*B6*99.68~SVC*HC:S5125*170.88*170.88**48~DTM*472*20130613~REF*6R*000000000000000000000000000011~AMT*B6*170.88~SVC*HC:S5125*99.68*99.68**28~DTM*472*20130614~REF*6R*000000000000000000000000000012~AMT*B6*99.68~SVC*HC:S5125*170.88*170.88**48~DTM*472*20130614~REF*6R*000000000000000000000000000013~AMT*B6*170.88~LX*10~CLP*02464022003583*4*868.64*0**HM*0107021386933*12*1~NM1*QC*1*HERNANDEZ*FRANCISCA****MI*PX35079P~NM1*82*1******FI*113502051~DTM*232*20130608~DTM*233*20130614~SVC*HC:T1019*142.4*0****40~DTM*472*20130608~CAS*OA*96*142.4~REF*6R*000000000000000000000000000001~AMT*B6*142.4~SVC*HC:T1019*142.4*0****40~DTM*472*20130609~CAS*OA*96*142.4~REF*6R*000000000000000000000000000002~AMT*B6*142.4~SVC*HC:T1019*35.6*0****10~DTM*472*20130610~CAS*OA*96*35.6~REF*6R*000000000000000000000000000003~AMT*B6*35.6~SVC*HC:T1019*121.04*0****34~DTM*472*20130610~CAS*OA*96*121.04~REF*6R*000000000000000000000000000004~AMT*B6*121.04~SVC*HC:T1019*71.2*0****20~DTM*472*20130611~CAS*OA*96*71.2~REF*6R*000000000000000000000000000005~AMT*B6*71.2~SVC*HC:T1019*28.48*0****8~DTM*472*20130611~CAS*OA*96*28.48~REF*6R*000000000000000000000000000006~AMT*B6*28.48~SVC*HC:T1019*28.48*0****8~DTM*472*20130612~CAS*OA*96*28.48~REF*6R*000000000000000000000000000007~AMT*B6*28.48~SVC*HC:T1019*71.2*0****20~DTM*472*20130613~CAS*OA*96*71.2~REF*6R*000000000000000000000000000008~AMT*B6*71.2~SVC*HC:T1019*28.48*0****8~DTM*472*20130613~CAS*OA*96*28.48~REF*6R*000000000000000000000000000009~AMT*B6*28.48~SVC*HC:T1019*128.16*0****36~DTM*472*20130614~CAS*OA*96*128.16~REF*6R*000000000000000000000000000010~AMT*B6*128.16~SVC*HC:T1019*71.2*0****20~DTM*472*20130612~CAS*OA*96*71.2~REF*6R*000000000000000000000000000011~AMT*B6*71.2~LX*11~CLP*02464052012063*4*1400*0**HM*0107021386934*12*1~NM1*QC*1*MALDONADO*MARIA****MI*ZN07021G~NM1*82*1******FI*113502051~DTM*232*20130608~DTM*233*20130614~SVC*HC:T1020*200*0****1~DTM*472*20130608~CAS*OA*96*200~REF*6R*000000000000000000000000000001~AMT*B6*200~SVC*HC:T1020*200*0****1~DTM*472*20130609~CAS*OA*96*200~REF*6R*000000000000000000000000000002~AMT*B6*200~SVC*HC:T1020*200*0****1~DTM*472*20130610~CAS*OA*96*200~REF*6R*000000000000000000000000000003~AMT*B6*200~SVC*HC:T1020*200*0****1~DTM*472*20130611~CAS*OA*96*200~REF*6R*000000000000000000000000000004~AMT*B6*200~SVC*HC:T1020*200*0****1~DTM*472*20130612~CAS*OA*96*200~REF*6R*000000000000000000000000000005~AMT*B6*200~SVC*HC:T1020*200*0****1~DTM*472*20130613~CAS*OA*96*200~REF*6R*000000000000000000000000000006~AMT*B6*200~SVC*HC:T1020*200*0****1~DTM*472*20130614~CAS*OA*96*200~REF*6R*000000000000000000000000000007~AMT*B6*200~LX*12~CLP*02464092011966*4*669.28*0**HM*0107021386935*12*1~NM1*QC*1*MATOS*AUREA****MI*TG62448J~NM1*82*1******FI*113502051~DTM*232*20130608~DTM*233*20130614~SVC*HC:T1019*85.44*0****24~DTM*472*20130608~CAS*OA*96*85.44~REF*6R*000000000000000000000000000001~AMT*B6*85.44~LQ*HE*N479~SVC*HC:T1019*85.44*0****24~DTM*472*20130609~CAS*OA*96*85.44~REF*6R*000000000000000000000000000002~AMT*B6*85.44~LQ*HE*N479~SVC*HC:T1019*99.68*0****28~DTM*472*20130610~CAS*OA*96*99.68~REF*6R*000000000000000000000000000003~AMT*B6*99.68~LQ*HE*N479~SVC*HC:T1019*99.68*0****28~DTM*472*20130611~CAS*OA*96*99.68~REF*6R*000000000000000000000000000004~AMT*B6*99.68~LQ*HE*N479~SVC*HC:T1019*99.68*0****28~DTM*472*20130612~CAS*OA*96*99.68~REF*6R*000000000000000000000000000005~AMT*B6*99.68~LQ*HE*N479~SVC*HC:T1019*99.68*0****28~DTM*472*20130613~CAS*OA*96*99.68~REF*6R*000000000000000000000000000006~AMT*B6*99.68~LQ*HE*N479~SVC*HC:T1019*99.68*0****28~DTM*472*20130614~CAS*OA*96*99.68~REF*6R*000000000000000000000000000007~AMT*B6*99.68~LQ*HE*N479~LX*13~CLP*02464112006762*1*1196.16*1196.16**HM*0107021386936*12*1~NM1*QC*1*MOROCHO*MANUEL*J***MI*TZ67231W~NM1*82*1******FI*113502051~DTM*232*20130608~DTM*233*20130614~SVC*HC:T1019*170.88*170.88**48~DTM*472*20130608~REF*6R*000000000000000000000000000001~AMT*B6*170.88~SVC*HC:T1019*170.88*170.88**48~DTM*472*20130609~REF*6R*000000000000000000000000000002~AMT*B6*170.88~SVC*HC:T1019*170.88*170.88**48~DTM*472*20130610~REF*6R*000000000000000000000000000003~AMT*B6*170.88~SVC*HC:T1019*170.88*170.88**48~DTM*472*20130611~REF*6R*000000000000000000000000000004~AMT*B6*170.88~SVC*HC:T1019*170.88*170.88**48~DTM*472*20130612~REF*6R*000000000000000000000000000005~AMT*B6*170.88~SVC*HC:T1019*170.88*170.88**48~DTM*472*20130613~REF*6R*000000000000000000000000000006~AMT*B6*170.88~SVC*HC:T1019*170.88*170.88**48~DTM*472*20130614~REF*6R*000000000000000000000000000007~AMT*B6*170.88~LX*14~CLP*02464152012245*1*398.72*398.72**HM*0107021386937*12*1~NM1*QC*1*POLANCO*ANTONIA*G***MI*TH54120S~NM1*82*1******FI*113502051~DTM*232*20130608~DTM*233*20130614~SVC*HC:T1019*56.96*56.96**16~DTM*472*20130608~REF*6R*000000000000000000000000000001~AMT*B6*56.96~SVC*HC:T1019*56.96*56.96**16~DTM*472*20130609~REF*6R*000000000000000000000000000002~AMT*B6*56.96~SVC*HC:T1019*56.96*56.96**16~DTM*472*20130610~REF*6R*000000000000000000000000000003~AMT*B6*56.96~SVC*HC:T1019*56.96*56.96**16~DTM*472*20130611~REF*6R*000000000000000000000000000004~AMT*B6*56.96~SVC*HC:T1019*56.96*56.96**16~DTM*472*20130612~REF*6R*000000000000000000000000000005~AMT*B6*56.96~SVC*HC:T1019*56.96*56.96**16~DTM*472*20130613~REF*6R*000000000000000000000000000006~AMT*B6*56.96~SVC*HC:T1019*56.96*56.96**16~DTM*472*20130614~REF*6R*000000000000000000000000000007~AMT*B6*56.96~LX*15~CLP*02464162012246*1*19936*199.5**HM*0107021386938*12*1~NM1*QC*1*POLANCO*RAMON*A***MI*XH93227Q~NM1*82*1******FI*113502051~DTM*232*20130608~DTM*233*20130614~SVC*HC:T1019*2848*28.5**8~DTM*472*20130608~CAS*CO*45*2819.5~REF*6R*000000000000000000000000000001~AMT*B6*28.5~SVC*HC:T1019*2848*28.5**8~DTM*472*20130609~CAS*CO*45*2819.5~REF*6R*000000000000000000000000000002~AMT*B6*28.5~SVC*HC:T1019*2848*28.5**8~DTM*472*20130610~CAS*CO*45*2819.5~REF*6R*000000000000000000000000000003~AMT*B6*28.5~SVC*HC:T1019*2848*28.5**8~DTM*472*20130611~CAS*CO*45*2819.5~REF*6R*000000000000000000000000000004~AMT*B6*28.5~SVC*HC:T1019*2848*28.5**8~DTM*472*20130612~CAS*CO*45*2819.5~REF*6R*000000000000000000000000000005~AMT*B6*28.5~SVC*HC:T1019*2848*28.5**8~DTM*472*20130613~CAS*CO*45*2819.5~REF*6R*000000000000000000000000000006~AMT*B6*28.5~SVC*HC:T1019*2848*28.5**8~DTM*472*20130614~CAS*CO*45*2819.5~REF*6R*000000000000000000000000000007~AMT*B6*28.5~LX*16~CLP*02464182011792*1*783.2*783.2**HM*0107021386939*12*1~NM1*QC*1*RIVERA*BRIGIDA****MI*ZT21439N~NM1*82*1******FI*113502051~DTM*232*20130603~DTM*233*20130614~SVC*HC:T1019*128.16*128.16**36~DTM*472*20130603~REF*6R*000000000000000000000000000001~AMT*B6*128.16~SVC*HC:T1019*56.96*56.96**16~DTM*472*20130608~REF*6R*000000000000000000000000000002~AMT*B6*56.96~SVC*HC:T1019*128.16*128.16**36~DTM*472*20130610~REF*6R*000000000000000000000000000003~AMT*B6*128.16~SVC*HC:T1019*113.92*113.92**32~DTM*472*20130611~REF*6R*000000000000000000000000000004~AMT*B6*113.92~SVC*HC:T1019*113.92*113.92**32~DTM*472*20130612~REF*6R*000000000000000000000000000005~AMT*B6*113.92~SVC*HC:T1019*128.16*128.16**36~DTM*472*20130613~REF*6R*000000000000000000000000000006~AMT*B6*128.16~SVC*HC:T1019*113.92*113.92**32~DTM*472*20130614~REF*6R*000000000000000000000000000007~AMT*B6*113.92~LX*17~CLP*02464202012208*1*1400*1400**HM*0107021386940*12*1~NM1*QC*1*RODRIGUEZ*PAULA****MI*XZ33242G~NM1*82*1******FI*113502051~DTM*232*20130608~DTM*233*20130614~SVC*HC:T1020*200*200**1~DTM*472*20130608~REF*6R*000000000000000000000000000001~AMT*B6*200~SVC*HC:T1020*200*200**1~DTM*472*20130609~REF*6R*000000000000000000000000000002~AMT*B6*200~SVC*HC:T1020*200*200**1~DTM*472*20130610~REF*6R*000000000000000000000000000003~AMT*B6*200~SVC*HC:T1020*200*200**1~DTM*472*20130611~REF*6R*000000000000000000000000000004~AMT*B6*200~SVC*HC:T1020*200*200**1~DTM*472*20130612~REF*6R*000000000000000000000000000005~AMT*B6*200~SVC*HC:T1020*200*200**1~DTM*472*20130613~REF*6R*000000000000000000000000000006~AMT*B6*200~SVC*HC:T1020*200*200**1~DTM*472*20130614~REF*6R*000000000000000000000000000007~AMT*B6*200~LX*18~CLP*02464292011914*4*14000*0**HM*0107021386941*12*1~NM1*QC*1*TORRES*ANTONIA****MI*ZM49732K~NM1*82*1******FI*113502051~DTM*232*20130608~DTM*233*20130614~SVC*HC:T1020*2000*0****1~DTM*472*20130608~CAS*CO*197*1800~CAS*OA*96*200~REF*6R*000000000000000000000000000001~AMT*B6*200~SVC*HC:T1020*2000*0****1~DTM*472*20130609~CAS*CO*197*1800~CAS*OA*96*200~REF*6R*000000000000000000000000000002~AMT*B6*200~SVC*HC:T1020*2000*0****1~DTM*472*20130610~CAS*CO*197*1800~CAS*OA*96*200~REF*6R*000000000000000000000000000003~AMT*B6*200~SVC*HC:T1020*2000*0****1~DTM*472*20130611~CAS*CO*197*1800~CAS*OA*96*200~REF*6R*000000000000000000000000000004~AMT*B6*200~SVC*HC:T1020*2000*0****1~DTM*472*20130612~CAS*CO*197*1800~CAS*OA*96*200~REF*6R*000000000000000000000000000005~AMT*B6*200~SVC*HC:T1020*2000*0****1~DTM*472*20130613~CAS*CO*197*1800~CAS*OA*96*200~REF*6R*000000000000000000000000000006~AMT*B6*200~SVC*HC:T1020*2000*0****1~DTM*472*20130614~CAS*CO*197*1800~CAS*OA*96*200~REF*6R*000000000000000000000000000007~AMT*B6*200~LX*19~CLP*02464302008745*1*569.6*569.6**HM*0107021389437*12*1~NM1*QC*1*TORRESCAMPOS*JOVITA****MI*SK28000U~NM1*82*1******FI*113502051~DTM*232*20130610~DTM*233*20130614~SVC*HC:T1019*113.92*113.92**32~DTM*472*20130610~REF*6R*000000000000000000000000000001~AMT*B6*113.92~SVC*HC:T1019*113.92*113.92**32~DTM*472*20130611~REF*6R*000000000000000000000000000002~AMT*B6*113.92~SVC*HC:T1019*113.92*113.92**32~DTM*472*20130612~REF*6R*000000000000000000000000000003~AMT*B6*113.92~SVC*HC:T1019*113.92*113.92**32~DTM*472*20130613~REF*6R*000000000000000000000000000004~AMT*B6*113.92~SVC*HC:T1019*113.92*113.92**32~DTM*472*20130614~REF*6R*000000000000000000000000000005~AMT*B6*113.92~LX*20~CLP*O2464312008182*1*113.92*7.12**HM*0107021389438*12*1~NM1*QC*1*VASQUEZ*CORNELIA*F***MI*UA27940P~NM1*82*1******FI*113502051~DTM*232*20130611~DTM*233*20130613~SVC*HC:T1019*56.96*3.56**1~DTM*472*20130611~CAS*CO*45*53.4~REF*6R*000000000000000000000000000001~AMT*B6*3.56~SVC*HC:T1019*56.96*3.56**1~DTM*472*20130613~CAS*CO*45*53.4~REF*6R*000000000000000000000000000002~AMT*B6*3.56~LX*21~CLP*O2464322003639*1*170.88*170.88**HM*0107021389439*12*1~NM1*QC*1*WOO*LUZ****MI*ZT83637F~NM1*82*1******FI*113502051~DTM*232*20130610~DTM*233*20130612~SVC*HC:T1019*56.96*56.96**16~DTM*472*20130610~REF*6R*000000000000000000000000000001~AMT*B6*56.96~SVC*HC:T1019*56.96*56.96**16~DTM*472*20130611~REF*6R*000000000000000000000000000002~AMT*B6*56.96~SVC*HC:T1019*56.96*56.96**16~DTM*472*20130612~REF*6R*000000000000000000000000000003~AMT*B6*56.96~LX*22~CLP*O2464332004798*1*56.96*3.56**HM*0107021389440*12*1~NM1*QC*1*WOO*LUZ****MI*ZT83637F~NM1*82*1******FI*113502051~DTM*232*20130610~SVC*HC:S5130*56.96*3.56**1~DTM*472*20130610~CAS*CO*45*53.4~REF*6R*000000000000000000000000000001~AMT*B6*3.56~LX*23~CLP*O2464342012127*1*170.88*170.88**HM*0107021389441*12*1~NM1*QC*1*ZAPATA*SIMON****MI*UA23241S~NM1*82*1******FI*113502051~DTM*232*20130610~DTM*233*20130614~SVC*HC:T1019*56.96*56.96**16~DTM*472*20130610~REF*6R*000000000000000000000000000001~AMT*B6*56.96~SVC*HC:T1019*56.96*56.96**16~DTM*472*20130612~REF*6R*000000000000000000000000000002~AMT*B6*56.96~SVC*HC:T1019*56.96*56.96**16~DTM*472*20130614~REF*6R*000000000000000000000000000003~AMT*B6*56.96~LX*24~CLP*02464212011796*1*327.52*10.68**HM*0107021389442*12*1~NM1*QC*1*ROSA*CARMEN*I***MI*VH41068Z~NM1*82*1******FI*113502051~DTM*232*20130610~DTM*233*20130612~SVC*HC:T1019*113.92*3.56**1~DTM*472*20130610~CAS*CO*45*110.36~REF*6R*000000000000000000000000000001~AMT*B6*3.56~SVC*HC:T1019*99.68*3.56**1~DTM*472*20130611~CAS*CO*45*96.12~REF*6R*000000000000000000000000000002~AMT*B6*3.56~SVC*HC:T1019*113.92*3.56**1~DTM*472*20130612~CAS*CO*45*110.36~REF*6R*000000000000000000000000000003~AMT*B6*3.56~LX*25~CLP*O24642220LL887*1*854.4*854.4**HM*0107021389443*12*1~NM1*QC*1*ROSADO*CARMEN****MI*ZT37222K~NM1*82*1******FI*113502051~DTM*232*20130610~DTM*233*20130614~SVC*HC:T1019*170.88*170.88**48~DTM*472*20130610~REF*6R*000000000000000000000000000001~AMT*B6*170.88~SVC*HC:T1019*170.88*170.88**48~DTM*472*20130611~REF*6R*000000000000000000000000000002~AMT*B6*170.88~SVC*HC:T1019*170.88*170.88**48~DTM*472*20130612~REF*6R*000000000000000000000000000003~AMT*B6*170.88~SVC*HC:T1019*170.88*170.88**48~DTM*472*20130613~REF*6R*000000000000000000000000000004~AMT*B6*170.88~SVC*HC:T1019*170.88*170.88**48~DTM*472*20130614~REF*6R*000000000000000000000000000005~AMT*B6*170.88~LX*26~CLP*O24642320L1794*1*384.48*384.48**HM*0107021389444*12*1~NM1*QC*1*RUIZ*MIRTA****MI*ZS10861D~NM1*82*1******FI*113502051~DTM*232*20130611~DTM*233*20130613~SVC*HC:T1019*128.16*128.16**36~DTM*472*20130611~REF*6R*000000000000000000000000000001~AMT*B6*128.16~SVC*HC:T1019*128.16*128.16**36~DTM*472*20130612~REF*6R*000000000000000000000000000002~AMT*B6*128.16~SVC*HC:T1019*128.16*128.16**36~DTM*472*20130613~REF*6R*000000000000000000000000000003~AMT*B6*128.16~LX*27~CLP*O246424201L790*4*170.88*0**HM*0107021389445*12*1~NM1*QC*1*SALICRUP*CARMEN****MI*UM62649X~NM1*82*1******FI*113502051~DTM*232*20130610~DTM*233*20130614~SVC*HC:T1019*56.96*0****16~DTM*472*20130610~CAS*OA*96*56.96~REF*6R*000000000000000000000000000001~AMT*B6*56.96~SVC*HC:T1019*56.96*0****16~DTM*472*20130612~CAS*OA*96*56.96~REF*6R*000000000000000000000000000002~AMT*B6*56.96~SVC*HC:T1019*56.96*0****16~DTM*472*20130614~CAS*OA*96*56.96~REF*6R*000000000000000000000000000003~AMT*B6*56.96~LX*28~CLP*02464252011884*1*569.6*17.8**HM*0107021389446*12*1~NM1*QC*1*SIERRA*DOMINGA****MI*YH21412B~NM1*82*1******FI*113502051~DTM*232*20130610~DTM*233*20130614~SVC*HC:T1019*113.92*3.56**1~DTM*472*20130610~CAS*CO*45*110.36~REF*6R*000000000000000000000000000001~AMT*B6*3.56~SVC*HC:T1019*113.92*3.56**1~DTM*472*20130611~CAS*CO*45*110.36~REF*6R*000000000000000000000000000002~AMT*B6*3.56~SVC*HC:T1019*113.92*3.56**1~DTM*472*20130612~CAS*CO*45*110.36~REF*6R*000000000000000000000000000003~AMT*B6*3.56~SVC*HC:T1019*113.92*3.56**1~DTM*472*20130613~CAS*CO*45*110.36~REF*6R*000000000000000000000000000004~AMT*B6*3.56~SVC*HC:T1019*113.92*3.56**1~DTM*472*20130614~CAS*CO*45*110.36~REF*6R*000000000000000000000000000005~AMT*B6*3.56~LX*29~CLP*02464262007165*1*627*627**HM*0107021389447*12*1~NM1*QC*1*SIERRA*MIRIAM****MI*YH89624C~NM1*82*1******FI*113502051~DTM*232*20130608~DTM*233*20130614~SVC*HC:PCAH1*57*57**4~DTM*472*20130608~REF*6R*000000000000000000000000000001~AMT*B6*57~SVC*HC:PCAH1*114*114**8~DTM*472*20130610~REF*6R*000000000000000000000000000002~AMT*B6*114~SVC*HC:PCAH1*114*114**8~DTM*472*20130611~REF*6R*000000000000000000000000000003~AMT*B6*114~SVC*HC:PCAH1*114*114**8~DTM*472*20130612~REF*6R*000000000000000000000000000004~AMT*B6*114~SVC*HC:PCAH1*114*114**8~DTM*472*20130613~REF*6R*000000000000000000000000000005~AMT*B6*114~SVC*HC:PCAH1*114*114**8~DTM*472*20130614~REF*6R*000000000000000000000000000006~AMT*B6*114~LX*30~CLP*02464272005079*1*341.92*341.92**HM*0107021389448*12*1~NM1*QC*1*SIMON*LUPE****MI*YC26622R~NM1*82*1******FI*113502051~DTM*232*20130608~DTM*233*20130614~SVC*HC:99082*57*57**4~DTM*472*20130608~REF*6R*000000000000000000000000000001~AMT*B6*57~SVC*HC:99082*57*57**4~DTM*472*20130610~REF*6R*000000000000000000000000000002~AMT*B6*57~SVC*HC:99082*57*57**4~DTM*472*20130612~REF*6R*000000000000000000000000000003~AMT*B6*57~SVC*HC:99082*57*57**4~DTM*472*20130614~REF*6R*000000000000000000000000000004~AMT*B6*57~SVC*HC:T1019*56.96*56.96**16~DTM*472*20130611~REF*6R*000000000000000000000000000005~AMT*B6*56.96~SVC*HC:T1019*56.96*56.96**16~DTM*472*20130613~REF*6R*000000000000000000000000000006~AMT*B6*56.96~LX*31~CLP*O2464282011795*4*284.8*0**HM*0107021389449*12*1~NM1*QC*1*SOTO*AGRIPINA****MI*YY63880T~NM1*82*1******FI*113502051~DTM*232*20130610~DTM*233*20130614~SVC*HC:T1019*56.96*0****16~DTM*472*20130610~CAS*OA*96*56.96~REF*6R*000000000000000000000000000001~AMT*B6*56.96~SVC*HC:T1019*56.96*0****16~DTM*472*20130611~CAS*OA*96*56.96~REF*6R*000000000000000000000000000002~AMT*B6*56.96~SVC*HC:T1019*56.96*0****16~DTM*472*20130612~CAS*OA*96*56.96~REF*6R*000000000000000000000000000003~AMT*B6*56.96~SVC*HC:T1019*56.96*0****16~DTM*472*20130613~CAS*OA*96*56.96~REF*6R*000000000000000000000000000004~AMT*B6*56.96~SVC*HC:T1019*56.96*0****16~DTM*472*20130614~CAS*OA*96*56.96~REF*6R*000000000000000000000000000005~AMT*B6*56.96~LX*32~CLP*02464L72011792*1*242.08*242.08**HM*0107021389450*12*1~NM1*QC*1*RIVERA*BRIGIDA****MI*ZT21439N~NM1*82*1******FI*113502051~DTM*232*20130520~DTM*233*20130531~SVC*HC:T1019*128.16*128.16**36~DTM*472*20130520~REF*6R*000000000000000000000000000001~AMT*B6*128.16~SVC*HC:T1019*113.92*113.92**32~DTM*472*20130531~REF*6R*000000000000000000000000000002~AMT*B6*113.92~LX*33~CLP*02464122012032*4*569.6*0**HM*0107021389451*12*1~NM1*QC*1*ORTIZ*SANTIAGO****MI*ZA54595T~NM1*82*1******FI*113502051~DTM*232*20130611~DTM*233*20130614~SVC*HC:T1019*142.4*0****40~DTM*472*20130611~CAS*OA*96*142.4~REF*6R*000000000000000000000000000001~AMT*B6*142.4~SVC*HC:T1019*142.4*0****40~DTM*472*20130612~CAS*OA*96*142.4~REF*6R*000000000000000000000000000002~AMT*B6*142.4~SVC*HC:T1019*142.4*0****40~DTM*472*20130613~CAS*OA*96*142.4~REF*6R*000000000000000000000000000003~AMT*B6*142.4~SVC*HC:T1019*142.4*0****40~DTM*472*20130614~CAS*OA*96*142.4~REF*6R*000000000000000000000000000004~AMT*B6*142.4~LX*34~CLP*024641320LL997*1*227.84*14.24**HM*0107021389452*12*1~NM1*QC*1*OSBORNE*DOROTHY*H***MI*VK20601M~NM1*82*1******FI*113502051~DTM*232*20130610~DTM*233*20130614~SVC*HC:T1019*56.96*3.56**1~DTM*472*20130610~CAS*CO*45*53.4~REF*6R*000000000000000000000000000001~AMT*B6*3.56~SVC*HC:T1019*56.96*3.56**1~DTM*472*20130611~CAS*CO*45*53.4~REF*6R*000000000000000000000000000002~AMT*B6*3.56~SVC*HC:T1019*56.96*3.56**1~DTM*472*20130613~CAS*CO*45*53.4~REF*6R*000000000000000000000000000003~AMT*B6*3.56~SVC*HC:T1019*56.96*3.56**1~DTM*472*20130614~CAS*CO*45*53.4~REF*6R*000000000000000000000000000004~AMT*B6*3.56~LX*35~CLP*O2464142011791*4*569.6*0**HM*0107021389453*12*1~NM1*QC*1*PERALTA*ANTONIO****MI*WD92450J~NM1*82*1******FI*113502051~DTM*232*20130610~DTM*233*20130614~SVC*HC:T1019*113.92*0****1~DTM*472*20130610~CAS*CO*197*110.36~CAS*OA*96*3.56~REF*6R*000000000000000000000000000001~AMT*B6*3.56~SVC*HC:T1019*113.92*0****1~DTM*472*20130611~CAS*CO*197*110.36~CAS*OA*96*3.56~REF*6R*000000000000000000000000000002~AMT*B6*3.56~SVC*HC:T1019*113.92*0****1~DTM*472*20130612~CAS*CO*197*110.36~CAS*OA*96*3.56~REF*6R*000000000000000000000000000003~AMT*B6*3.56~SVC*HC:T1019*113.92*0****1~DTM*472*20130613~CAS*CO*197*110.36~CAS*OA*96*3.56~REF*6R*000000000000000000000000000004~AMT*B6*3.56~SVC*HC:T1019*113.92*0****1~DTM*472*20130614~CAS*CO*197*110.36~CAS*OA*96*3.56~REF*6R*000000000000000000000000000005~AMT*B6*3.56~LX*36~CLP*02464102012064*1*284.8*14.24**HM*0107021389454*12*1~NM1*QC*1*MAYNARD*LILLIAN****MI*ZH47128X~NM1*82*1******FI*113502051~DTM*232*20130611~DTM*233*20130614~SVC*HC:T1019*71.2*3.56**1~DTM*472*20130611~CAS*CO*45*67.64~REF*6R*000000000000000000000000000001~AMT*B6*3.56~SVC*HC:T1019*71.2*3.56**1~DTM*472*20130612~CAS*CO*45*67.64~REF*6R*000000000000000000000000000002~AMT*B6*3.56~SVC*HC:T1019*71.2*3.56**1~DTM*472*20130613~CAS*CO*45*67.64~REF*6R*000000000000000000000000000003~AMT*B6*3.56~SVC*HC:T1019*71.2*3.56**1~DTM*472*20130614~CAS*CO*45*67.64~REF*6R*000000000000000000000000000004~AMT*B6*3.56~LX*37~CLP*02464062011602*1*800*800**HM*0107021389455*12*1~NM1*QC*1*MALDONADO*VICENTE****MI*ZY87436H~NM1*82*1******FI*113502051~DTM*232*20130610~DTM*233*20130613~SVC*HC:T1020*200*200**1~DTM*472*20130610~REF*6R*000000000000000000000000000001~AMT*B6*200~SVC*HC:T1020*200*200**1~DTM*472*20130611~REF*6R*000000000000000000000000000002~AMT*B6*200~SVC*HC:T1020*200*200**1~DTM*472*20130612~REF*6R*000000000000000000000000000003~AMT*B6*200~SVC*HC:T1020*200*200**1~DTM*472*20130613~REF*6R*000000000000000000000000000004~AMT*B6*200~LX*38~CLP*0246407201L962*1*56.96*3.56**HM*0107021389456*12*1~NM1*QC*1*MARTINEZ*EMMA****MI*ZK99698A~NM1*82*1******FI*113502051~DTM*232*20130612~SVC*HC:S5130*56.96*3.56**1~DTM*472*20130612~CAS*CO*45*53.4~REF*6R*000000000000000000000000000001~AMT*B6*3.56~LX*39~CLP*O2464032013L26*1*99.68*99.68**HM*0107021389458*12*1~NM1*QC*1*KATRAMADOS*BARBARA****MI*XC72767P~NM1*82*1******FI*113502051~DTM*232*20130515~SVC*HC:T1019*99.68*99.68**28~DTM*472*20130515~REF*6R*000000000000000000000000000001~AMT*B6*99.68~LX*40~CLP*02464042013126*1*498.4*498.4**HM*0107021389459*12*1~NM1*QC*1*KATRAMADOS*BARBARA****MI*XC72767P~NM1*82*1******FI*113502051~DTM*232*20130606~DTM*233*20130613~SVC*HC:T1019*99.68*99.68**28~DTM*472*20130606~REF*6R*000000000000000000000000000001~AMT*B6*99.68~SVC*HC:T1019*99.68*99.68**28~DTM*472*20130610~REF*6R*000000000000000000000000000002~AMT*B6*99.68~SVC*HC:T1019*99.68*99.68**28~DTM*472*20130611~REF*6R*000000000000000000000000000003~AMT*B6*99.68~SVC*HC:T1019*99.68*99.68**28~DTM*472*20130612~REF*6R*000000000000000000000000000004~AMT*B6*99.68~SVC*HC:T1019*99.68*99.68**28~DTM*472*20130613~REF*6R*000000000000000000000000000005~AMT*B6*99.68~LX*41~CLP*02463992011545*1*600*600**HM*0107021389460*12*1~NM1*QC*1*GRAFSTEIN*LILLIAN****MI*PY21098S~NM1*82*1******FI*113502051~DTM*232*20130608~DTM*233*20130610~SVC*HC:T1020*200*200**1~DTM*472*20130608~REF*6R*000000000000000000000000000001~AMT*B6*200~SVC*HC:T1020*200*200**1~DTM*472*20130609~REF*6R*000000000000000000000000000002~AMT*B6*200~SVC*HC:T1020*200*200**1~DTM*472*20130610~REF*6R*000000000000000000000000000003~AMT*B6*200~LX*42~CLP*02463952012030*1*356*356**HM*0107021389462*12*1~NM1*QC*1*GARCIA*VICTORIA****MI*YP32446E~NM1*82*1******FI*113502051~DTM*232*20130610~DTM*233*20130614~SVC*HC:T1019*71.2*71.2**20~DTM*472*20130610~REF*6R*000000000000000000000000000001~AMT*B6*71.2~SVC*HC:T1019*71.2*71.2**20~DTM*472*20130611~REF*6R*000000000000000000000000000002~AMT*B6*71.2~SVC*HC:T1019*71.2*71.2**20~DTM*472*20130612~REF*6R*000000000000000000000000000003~AMT*B6*71.2~SVC*HC:T1019*71.2*71.2**20~DTM*472*20130613~REF*6R*000000000000000000000000000004~AMT*B6*71.2~SVC*HC:T1019*71.2*71.2**20~DTM*472*20130614~REF*6R*000000000000000000000000000005~AMT*B6*71.2~LX*43~CLP*O2463912011868*4*42.72*0**HM*0107021389463*12*1~NM1*QC*1*DEJESUS*YSABEL****MI*VP60263T~NM1*82*1******FI*113502051~DTM*232*20130614~SVC*HC:T1019*42.72*0****1~DTM*472*20130614~CAS*CO*197*39.16~CAS*OA*96*3.56~REF*6R*000000000000000000000000000001~AMT*B6*3.56~LX*44~CLP*0246392201204L*4*28.48*0**HM*0107021389464*12*1~NM1*QC*1*ESCANIO*ANTONIO****MI*ST38273T~NM1*82*1******FI*113502051~DTM*232*20130614~SVC*HC:T1019*28.48*0****8~DTM*472*20130614~CAS*OA*96*28.48~REF*6R*000000000000000000000000000001~AMT*B6*28.48~LX*45~CLP*02463932012039*4*626.56*0**HM*0107021389465*12*1~NM1*QC*1*ESTRADA*MIRIAM****MI*ZX12851A~NM1*82*1******FI*113502051~DTM*232*20130608~DTM*233*20130614~SVC*HC:T1019*56.96*0****16~DTM*472*20130608~CAS*OA*96*56.96~REF*6R*000000000000000000000000000001~AMT*B6*56.96~SVC*HC:T1019*113.92*0****32~DTM*472*20130610~CAS*OA*96*113.92~REF*6R*000000000000000000000000000002~AMT*B6*113.92~SVC*HC:T1019*113.92*0****32~DTM*472*20130611~CAS*OA*96*113.92~REF*6R*000000000000000000000000000003~AMT*B6*113.92~SVC*HC:T1019*113.92*0****32~DTM*472*20130612~CAS*OA*96*113.92~REF*6R*000000000000000000000000000004~AMT*B6*113.92~SVC*HC:T1019*113.92*0****32~DTM*472*20130613~CAS*OA*96*113.92~REF*6R*000000000000000000000000000005~AMT*B6*113.92~SVC*HC:T1019*113.92*0****32~DTM*472*20130614~CAS*OA*96*113.92~REF*6R*000000000000000000000000000006~AMT*B6*113.92~LX*46~CLP*02463872012334*1*854.4*17.8**HM*0107021389466*12*1~NM1*QC*1*APOSTOLOVA*LJUBKA****MI*RS76119U~NM1*82*1******FI*113502051~DTM*232*20130608~DTM*233*20130612~SVC*HC:T1019*170.88*3.56**1~DTM*472*20130608~CAS*CO*45*167.32~REF*6R*000000000000000000000000000001~AMT*B6*3.56~SVC*HC:T1019*170.88*3.56**1~DTM*472*20130609~CAS*CO*45*167.32~REF*6R*000000000000000000000000000002~AMT*B6*3.56~SVC*HC:T1019*170.88*3.56**1~DTM*472*20130610~CAS*CO*45*167.32~REF*6R*000000000000000000000000000003~AMT*B6*3.56~SVC*HC:T1019*170.88*3.56**1~DTM*472*20130611~CAS*CO*45*167.32~REF*6R*000000000000000000000000000004~AMT*B6*3.56~SVC*HC:T1019*170.88*3.56**1~DTM*472*20130612~CAS*CO*45*167.32~REF*6R*000000000000000000000000000005~AMT*B6*3.56~LX*47~CLP*02463882004602*1*313.28*17.8**HM*0107021389467*12*1~NM1*QC*1*BROOKS*NATALIE****MI*QH90085M~NM1*82*1******FI*113502051~DTM*232*20130610~DTM*233*20130614~SVC*HC:T1019*56.96*3.56**1~DTM*472*20130610~CAS*CO*45*53.4~REF*6R*000000000000000000000000000001~AMT*B6*3.56~SVC*HC:T1019*56.96*3.56**1~DTM*472*20130611~CAS*CO*45*53.4~REF*6R*000000000000000000000000000002~AMT*B6*3.56~SVC*HC:T1019*56.96*3.56**1~DTM*472*20130612~CAS*CO*45*53.4~REF*6R*000000000000000000000000000003~AMT*B6*3.56~SVC*HC:T1019*85.44*3.56**1~DTM*472*20130613~CAS*CO*45*81.88~REF*6R*000000000000000000000000000004~AMT*B6*3.56~SVC*HC:T1019*56.96*3.56**1~DTM*472*20130614~CAS*CO*45*53.4~REF*6R*000000000000000000000000000005~AMT*B6*3.56~LX*48~CLP*O2463892008919*1*498.4*498.4**HM*0107021389468*12*1~NM1*QC*1*COLON*RAYMUNDA****MI*ZQ72180D~NM1*82*1******FI*113502051~DTM*232*20130609~DTM*233*20130613~SVC*HC:T1019*99.68*99.68**28~DTM*472*20130609~REF*6R*000000000000000000000000000001~AMT*B6*99.68~SVC*HC:T1019*99.68*99.68**28~DTM*472*20130610~REF*6R*000000000000000000000000000002~AMT*B6*99.68~SVC*HC:T1019*99.68*99.68**28~DTM*472*20130611~REF*6R*000000000000000000000000000003~AMT*B6*99.68~SVC*HC:T1019*99.68*99.68**28~DTM*472*20130612~REF*6R*000000000000000000000000000004~AMT*B6*99.68~SVC*HC:T1019*99.68*99.68**28~DTM*472*20130613~REF*6R*000000000000000000000000000005~AMT*B6*99.68~LX*49~CLP*O2463842006897*1*56.96*3.56**HM*0107021389469*12*1~NM1*QC*1*ALVAREZ*ANGELA****MI*ZU47022Y~NM1*82*1******FI*113502051~DTM*232*20130610~SVC*HC:S5130*56.96*3.56**1~DTM*472*20130610~CAS*CO*45*53.4~REF*6R*000000000000000000000000000001~AMT*B6*3.56~LX*50~CLP*02463852012951*1*56.96*56.96**HM*0107021389470*12*1~NM1*QC*1*ALVAREZ*ANGELA****MI*ZU47022Y~NM1*82*1******FI*113502051~DTM*232*20130614~SVC*HC:T1019*56.96*56.96**16~DTM*472*20130614~REF*6R*000000000000000000000000000001~AMT*B6*56.96~LX*51~CLP*02472862007590*1*1922.4*1922.4**HM*0107041348129*12*1~NM1*QC*1*HARIDIN*RAMDIAL****MI*SE14035X~NM1*82*1******FI*113502051~DTM*232*20130615~DTM*233*20130621~SVC*HC:S5125*113.92*113.92**32~DTM*472*20130615~REF*6R*000000000000000000000000000001~AMT*B6*113.92~SVC*HC:S5125*170.88*170.88**48~DTM*472*20130615~REF*6R*000000000000000000000000000002~AMT*B6*170.88~SVC*HC:S5125*113.92*113.92**32~DTM*472*20130616~REF*6R*000000000000000000000000000003~AMT*B6*113.92~SVC*HC:S5125*170.88*170.88**48~DTM*472*20130616~REF*6R*000000000000000000000000000004~AMT*B6*170.88~SVC*HC:S5125*99.68*99.68**28~DTM*472*20130617~REF*6R*000000000000000000000000000005~AMT*B6*99.68~SVC*HC:S5125*170.88*170.88**48~DTM*472*20130617~REF*6R*000000000000000000000000000006~AMT*B6*170.88~SVC*HC:S5125*99.68*99.68**28~DTM*472*20130618~REF*6R*000000000000000000000000000007~AMT*B6*99.68~SVC*HC:S5125*170.88*170.88**48~DTM*472*20130618~REF*6R*000000000000000000000000000008~AMT*B6*170.88~SVC*HC:S5125*99.68*99.68**28~DTM*472*20130619~REF*6R*000000000000000000000000000009~AMT*B6*99.68~SVC*HC:S5125*170.88*170.88**48~DTM*472*20130619~REF*6R*000000000000000000000000000010~AMT*B6*170.88~SVC*HC:S5125*99.68*99.68**28~DTM*472*20130620~REF*6R*000000000000000000000000000011~AMT*B6*99.68~SVC*HC:S5125*170.88*170.88**48~DTM*472*20130620~REF*6R*000000000000000000000000000012~AMT*B6*170.88~SVC*HC:S5125*99.68*99.68**28~DTM*472*20130621~REF*6R*000000000000000000000000000013~AMT*B6*99.68~SVC*HC:S5125*170.88*170.88**48~DTM*472*20130621~REF*6R*000000000000000000000000000014~AMT*B6*170.88~LX*52~CLP*02472832011867*1*996.8*996.8**HM*0107041348130*12*1~NM1*QC*1*GOODWIN*CLYDE****MI*RF40230A~NM1*82*1******FI*113502051~DTM*232*20130615~DTM*233*20130621~SVC*HC:T1019*142.4*142.4**40~DTM*472*20130615~REF*6R*000000000000000000000000000001~AMT*B6*142.4~SVC*HC:T1019*142.4*142.4**40~DTM*472*20130616~REF*6R*000000000000000000000000000002~AMT*B6*142.4~SVC*HC:T1019*142.4*142.4**40~DTM*472*20130617~REF*6R*000000000000000000000000000003~AMT*B6*142.4~SVC*HC:T1019*142.4*142.4**40~DTM*472*20130618~REF*6R*000000000000000000000000000004~AMT*B6*142.4~SVC*HC:T1019*142.4*142.4**40~DTM*472*20130619~REF*6R*000000000000000000000000000005~AMT*B6*142.4~SVC*HC:T1019*142.4*142.4**40~DTM*472*20130620~REF*6R*000000000000000000000000000006~AMT*B6*142.4~SVC*HC:T1019*142.4*142.4**40~DTM*472*20130621~REF*6R*000000000000000000000000000007~AMT*B6*142.4~LX*53~CLP*02472692012973*1*797.44*797.44**HM*0107041348131*12*1~NM1*QC*1*ANDERSON*BETH*K***MI*YC43135F~NM1*82*1******FI*113502051~DTM*232*20130615~DTM*233*20130621~SVC*HC:T1019*113.92*113.92**32~DTM*472*20130615~REF*6R*000000000000000000000000000001~AMT*B6*113.92~SVC*HC:T1019*113.92*113.92**32~DTM*472*20130616~REF*6R*000000000000000000000000000002~AMT*B6*113.92~SVC*HC:T1019*113.92*113.92**32~DTM*472*20130617~REF*6R*000000000000000000000000000003~AMT*B6*113.92~SVC*HC:T1019*113.92*113.92**32~DTM*472*20130618~REF*6R*000000000000000000000000000004~AMT*B6*113.92~SVC*HC:T1019*113.92*113.92**32~DTM*472*20130619~REF*6R*000000000000000000000000000005~AMT*B6*113.92~SVC*HC:T1019*113.92*113.92**32~DTM*472*20130620~REF*6R*000000000000000000000000000006~AMT*B6*113.92~SVC*HC:T1019*113.92*113.92**32~DTM*472*20130621~REF*6R*000000000000000000000000000007~AMT*B6*113.92~LX*54~CLP*O24731520L1885*1*113.92*7.12**HM*0107041349164*12*1~NM1*QC*1*TORRES*JOSE*R***MI*WB42614P~NM1*82*1******FI*113502051~DTM*232*20130620~DTM*233*20130621~SVC*HC:T1019*56.96*3.56**1~DTM*472*20130620~CAS*CO*45*53.4~REF*6R*000000000000000000000000000001~AMT*B6*3.56~SVC*HC:T1019*56.96*3.56**1~DTM*472*20130621~CAS*CO*45*53.4~REF*6R*000000000000000000000000000002~AMT*B6*3.56~LX*55~CLP*O2473172008L82*1*113.92*113.92**HM*0107041349165*12*1~NM1*QC*1*VASQUEZ*CORNELIA*F***MI*UA27940P~NM1*82*1******FI*113502051~DTM*232*20130618~DTM*233*20130620~SVC*HC:T1019*56.96*56.96**16~DTM*472*20130618~REF*6R*000000000000000000000000000001~AMT*B6*56.96~SVC*HC:T1019*56.96*56.96**16~DTM*472*20130620~REF*6R*000000000000000000000000000002~AMT*B6*56.96~LX*56~CLP*02473182003639*1*113.92*7.12**HM*0107041349166*12*1~NM1*QC*1*WOO*LUZ****MI*ZT83637F~NM1*82*1******FI*113502051~DTM*232*20130617~DTM*233*20130618~SVC*HC:T1019*56.96*3.56**1~DTM*472*20130617~CAS*CO*45*53.4~REF*6R*000000000000000000000000000001~AMT*B6*3.56~SVC*HC:T1019*56.96*3.56**1~DTM*472*20130618~CAS*CO*45*53.4~REF*6R*000000000000000000000000000002~AMT*B6*3.56~LX*57~CLP*02473L92004798*1*56.96*56.96**HM*0107041349167*12*1~NM1*QC*1*WOO*LUZ****MI*ZT83637F~NM1*82*1******FI*113502051~DTM*232*20130617~SVC*HC:S5130*56.96*56.96**16~DTM*472*20130617~REF*6R*000000000000000000000000000001~AMT*B6*56.96~LX*58~CLP*O2473202012127*1*170.88*10.68**HM*0107041349168*12*1~NM1*QC*1*ZAPATA*SIMON****MI*UA23241S~NM1*82*1******FI*113502051~DTM*232*20130617~DTM*233*20130621~SVC*HC:T1019*56.96*3.56**1~DTM*472*20130617~CAS*CO*45*53.4~REF*6R*000000000000000000000000000001~AMT*B6*3.56~SVC*HC:T1019*56.96*3.56**1~DTM*472*20130619~CAS*CO*45*53.4~REF*6R*000000000000000000000000000002~AMT*B6*3.56~SVC*HC:T1019*56.96*3.56**1~DTM*472*20130621~CAS*CO*45*53.4~REF*6R*000000000000000000000000000003~AMT*B6*3.56~LX*59~CLP*02473062011769*1*284.8*10.68**HM*0107041349170*12*1~NM1*QC*1*ROSA*CARMEN*I***MI*VH41068Z~NM1*82*1******FI*113502051~DTM*232*20130617~DTM*233*20130619~SVC*HC:T1019*113.92*3.56**1~DTM*472*20130617~CAS*CO*45*110.36~REF*6R*000000000000000000000000000001~AMT*B6*3.56~SVC*HC:T1019*99.68*3.56**1~DTM*472*20130618~CAS*CO*45*96.12~REF*6R*000000000000000000000000000002~AMT*B6*3.56~SVC*HC:T1019*71.2*3.56**1~DTM*472*20130619~CAS*CO*45*67.64~REF*6R*000000000000000000000000000003~AMT*B6*3.56~LX*60~CLP*O2473LO2011884*1*569.6*17.8**HM*0107041349173*12*1~NM1*QC*1*SIERRA*DOMINGA****MI*YH21412B~NM1*82*1******FI*113502051~DTM*232*20130617~DTM*233*20130621~SVC*HC:T1019*113.92*3.56**1~DTM*472*20130617~CAS*CO*45*110.36~REF*6R*000000000000000000000000000001~AMT*B6*3.56~SVC*HC:T1019*113.92*3.56**1~DTM*472*20130618~CAS*CO*45*110.36~REF*6R*000000000000000000000000000002~AMT*B6*3.56~SVC*HC:T1019*113.92*3.56**1~DTM*472*20130619~CAS*CO*45*110.36~REF*6R*000000000000000000000000000003~AMT*B6*3.56~SVC*HC:T1019*113.92*3.56**1~DTM*472*20130620~CAS*CO*45*110.36~REF*6R*000000000000000000000000000004~AMT*B6*3.56~SVC*HC:T1019*113.92*3.56**1~DTM*472*20130621~CAS*CO*45*110.36~REF*6R*000000000000000000000000000005~AMT*B6*3.56~LX*61~CLP*O2473022011792*1*113.92*3.56**HM*0107041349176*12*1~NM1*QC*1*RIVERA*BRIGIDA****MI*ZT21439N~NM1*82*1******FI*113502051~DTM*232*20130521~SVC*HC:T1019*113.92*3.56**1~DTM*472*20130521~CAS*CO*45*110.36~REF*6R*000000000000000000000000000001~AMT*B6*3.56~LX*62~CLP*O24730320LL792*1*469.92*17.8**HM*0107041349177*12*1~NM1*QC*1*RIVERA*BRIGIDA****MI*ZT21439N~NM1*82*1******FI*113502051~DTM*232*20130615~DTM*233*20130619~SVC*HC:T1019*56.96*3.56**1~DTM*472*20130615~CAS*CO*45*53.4~REF*6R*000000000000000000000000000001~AMT*B6*3.56~SVC*HC:T1019*56.96*3.56**1~DTM*472*20130616~CAS*CO*45*53.4~REF*6R*000000000000000000000000000002~AMT*B6*3.56~SVC*HC:T1019*128.16*3.56**1~DTM*472*20130617~CAS*CO*45*124.6~REF*6R*000000000000000000000000000003~AMT*B6*3.56~SVC*HC:T1019*113.92*3.56**1~DTM*472*20130618~CAS*CO*45*110.36~REF*6R*000000000000000000000000000004~AMT*B6*3.56~SVC*HC:T1019*113.92*3.56**1~DTM*472*20130619~CAS*CO*45*110.36~REF*6R*000000000000000000000000000005~AMT*B6*3.56~LX*63~CLP*02473042013443*1*170.88*170.88**HM*0107041349178*12*1~NM1*QC*1*RODRIQUEZ*MARIA****MI*QP71506E~NM1*82*1******FI*113502051~DTM*232*20130617~DTM*233*20130621~SVC*HC:T1019*56.96*56.96**16~DTM*472*20130617~REF*6R*000000000000000000000000000001~AMT*B6*56.96~SVC*HC:T1019*56.96*56.96**16~DTM*472*20130618~REF*6R*000000000000000000000000000002~AMT*B6*56.96~SVC*HC:T1019*56.96*56.96**16~DTM*472*20130621~REF*6R*000000000000000000000000000003~AMT*B6*56.96~LX*64~CLP*O2472902011602*1*800*800**HM*0107041349179*12*1~NM1*QC*1*MALDONADO*VICENTE****MI*ZY87436H~NM1*82*1******FI*113502051~DTM*232*20130617~DTM*233*20130620~SVC*HC:T1020*200*200**1~DTM*472*20130617~REF*6R*000000000000000000000000000001~AMT*B6*200~SVC*HC:T1020*200*200**1~DTM*472*20130618~REF*6R*000000000000000000000000000002~AMT*B6*200~SVC*HC:T1020*200*200**1~DTM*472*20130619~REF*6R*000000000000000000000000000003~AMT*B6*200~SVC*HC:T1020*200*200**1~DTM*472*20130620~REF*6R*000000000000000000000000000004~AMT*B6*200~LX*65~CLP*O2472912011961*1*113.92*7.12**HM*0107041349180*12*1~NM1*QC*1*MARTINEZ*EMMA****MI*ZK99698A~NM1*82*1******FI*113502051~DTM*232*20130608~DTM*233*20130615~SVC*HC:T1019*56.96*3.56**1~DTM*472*20130608~CAS*CO*45*53.4~REF*6R*000000000000000000000000000001~AMT*B6*3.56~SVC*HC:T1019*56.96*3.56**1~DTM*472*20130615~CAS*CO*45*53.4~REF*6R*000000000000000000000000000002~AMT*B6*3.56~LX*66~CLP*O2472922011962*1*56.96*3.56**HM*0107041349181*12*1~NM1*QC*1*MARTINEZ*EMMA****MI*ZK99698A~NM1*82*1******FI*113502051~DTM*232*20130619~SVC*HC:S5130*56.96*3.56**1~DTM*472*20130619~CAS*CO*45*53.4~REF*6R*000000000000000000000000000001~AMT*B6*3.56~LX*67~CLP*0247295012064*1*356*17.8**HM*0107041349184*12*1~NM1*QC*1*MAYNARD*LILLIAN****MI*ZH47128X~NM1*82*1******FI*113502051~DTM*232*20130617~DTM*233*20130621~SVC*HC:T1019*71.2*3.56**1~DTM*472*20130617~CAS*CO*45*67.64~REF*6R*000000000000000000000000000001~AMT*B6*3.56~SVC*HC:T1019*71.2*3.56**1~DTM*472*20130618~CAS*CO*45*67.64~REF*6R*000000000000000000000000000002~AMT*B6*3.56~SVC*HC:T1019*71.2*3.56**1~DTM*472*20130619~CAS*CO*45*67.64~REF*6R*000000000000000000000000000003~AMT*B6*3.56~SVC*HC:T1019*71.2*3.56**1~DTM*472*20130620~CAS*CO*45*67.64~REF*6R*000000000000000000000000000004~AMT*B6*3.56~SVC*HC:T1019*71.2*3.56**1~DTM*472*20130621~CAS*CO*45*67.64~REF*6R*000000000000000000000000000005~AMT*B6*3.56~LX*68~CLP*02472882013126*1*398.72*14.24**HM*0107041349185*12*1~NM1*QC*1*KATRAMADOS*BARBARA****MI*XC72767P~NM1*82*1******FI*113502051~DTM*232*20130617~DTM*233*20130620~SVC*HC:T1019*99.68*3.56**1~DTM*472*20130617~CAS*CO*45*96.12~REF*6R*000000000000000000000000000001~AMT*B6*3.56~SVC*HC:T1019*99.68*3.56**1~DTM*472*20130618~CAS*CO*45*96.12~REF*6R*000000000000000000000000000002~AMT*B6*3.56~SVC*HC:T1019*99.68*3.56**1~DTM*472*20130619~CAS*CO*45*96.12~REF*6R*000000000000000000000000000003~AMT*B6*3.56~SVC*HC:T1019*99.68*3.56**1~DTM*472*20130620~CAS*CO*45*96.12~REF*6R*000000000000000000000000000004~AMT*B6*3.56~LX*69~CLP*O24728420L1545*1*600*400**HM*0107041349186*12*1~NM1*QC*1*GRAFSTEIN*LILLIAN****MI*PY21098S~NM1*82*1******FI*113502051~DTM*232*20130615~DTM*233*20130617~SVC*HC:T1020*200*200**1~DTM*472*20130615~REF*6R*000000000000000000000000000001~AMT*B6*200~SVC*HC:T1020*200*200**1~DTM*472*20130616~REF*6R*000000000000000000000000000002~AMT*B6*200~SVC*HC:CNVPX*200*0****1~DTM*472*20130617~CAS*CO*181*200~REF*6R*000000000000000000000000000003~AMT*B6*200~LQ*HE*M51~LX*70~CLP*02472DO201203O*1*284.8*14.24**HM*0107041349187*12*1~NM1*QC*1*GARCIA*VICTORIA****MI*YP32446E~NM1*82*1******FI*113502051~DTM*232*20130617~DTM*233*20130620~SVC*HC:T1019*71.2*3.56**1~DTM*472*20130617~CAS*CO*45*67.64~REF*6R*000000000000000000000000000001~AMT*B6*3.56~SVC*HC:T1019*71.2*3.56**1~DTM*472*20130618~CAS*CO*45*67.64~REF*6R*000000000000000000000000000002~AMT*B6*3.56~SVC*HC:T1019*71.2*3.56**1~DTM*472*20130619~CAS*CO*45*67.64~REF*6R*000000000000000000000000000003~AMT*B6*3.56~SVC*HC:T1019*71.2*3.56**1~DTM*472*20130620~CAS*CO*45*67.64~REF*6R*000000000000000000000000000004~AMT*B6*3.56~LX*71~CLP*02472702012334*1*854.4*854.4**HM*0107041349190*12*1~NM1*QC*1*APOSTOLOVA*LJUBKA****MI*RS76119U~NM1*82*1******FI*113502051~DTM*232*20130615~DTM*233*20130619~SVC*HC:T1019*170.88*170.88**48~DTM*472*20130615~REF*6R*000000000000000000000000000001~AMT*B6*170.88~SVC*HC:T1019*170.88*170.88**48~DTM*472*20130616~REF*6R*000000000000000000000000000002~AMT*B6*170.88~SVC*HC:T1019*170.88*170.88**48~DTM*472*20130617~REF*6R*000000000000000000000000000003~AMT*B6*170.88~SVC*HC:T1019*170.88*170.88**48~DTM*472*20130618~REF*6R*000000000000000000000000000004~AMT*B6*170.88~SVC*HC:T1019*170.88*170.88**48~DTM*472*20130619~REF*6R*000000000000000000000000000005~AMT*B6*170.88~LX*72~CLP*O2472712004602*1*313.28*17.8**HM*0107041349191*12*1~NM1*QC*1*BROOKS*NATALIE****MI*QH90085M~NM1*82*1******FI*113502051~DTM*232*20130617~DTM*233*20130621~SVC*HC:T1019*56.96*3.56**1~DTM*472*20130617~CAS*CO*45*53.4~REF*6R*000000000000000000000000000001~AMT*B6*3.56~SVC*HC:T1019*56.96*3.56**1~DTM*472*20130618~CAS*CO*45*53.4~REF*6R*000000000000000000000000000002~AMT*B6*3.56~SVC*HC:T1019*56.96*3.56**1~DTM*472*20130619~CAS*CO*45*53.4~REF*6R*000000000000000000000000000003~AMT*B6*3.56~SVC*HC:T1019*85.44*3.56**1~DTM*472*20130620~CAS*CO*45*81.88~REF*6R*000000000000000000000000000004~AMT*B6*3.56~SVC*HC:T1019*56.96*3.56**1~DTM*472*20130621~CAS*CO*45*53.4~REF*6R*000000000000000000000000000005~AMT*B6*3.56~LX*73~CLP*O24727220089L9*1*498.4*17.8**HM*0107041349192*12*1~NM1*QC*1*COLON*RAYMUNDA****MI*ZQ72180D~NM1*82*1******FI*113502051~DTM*232*20130616~DTM*233*20130620~SVC*HC:T1019*99.68*3.56**1~DTM*472*20130616~CAS*CO*45*96.12~REF*6R*000000000000000000000000000001~AMT*B6*3.56~SVC*HC:T1019*99.68*3.56**1~DTM*472*20130617~CAS*CO*45*96.12~REF*6R*000000000000000000000000000002~AMT*B6*3.56~SVC*HC:T1019*99.68*3.56**1~DTM*472*20130618~CAS*CO*45*96.12~REF*6R*000000000000000000000000000003~AMT*B6*3.56~SVC*HC:T1019*99.68*3.56**1~DTM*472*20130619~CAS*CO*45*96.12~REF*6R*000000000000000000000000000004~AMT*B6*3.56~SVC*HC:T1019*99.68*3.56**1~DTM*472*20130620~CAS*CO*45*96.12~REF*6R*000000000000000000000000000005~AMT*B6*3.56~LX*74~CLP*02472672006897*4*56.96*0**HM*0107041349193*12*1~NM1*QC*1*ALVAREZ*ANGELA****MI*ZU47022Y~NM1*82*1******FI*113502051~DTM*232*20130617~SVC*HC:85130*56.96*0****16~DTM*472*20130617~CAS*OA*96*56.96~REF*6R*000000000000000000000000000001~AMT*B6*56.96~LX*75~CLP*02472682012951*1*56.96*3.56**HM*0107041349194*12*1~NM1*QC*1*ALVAREZ*ANGELA****MI*ZU47022Y~NM1*82*1******FI*113502051~DTM*232*20130621~SVC*HC:T1019*56.96*3.56**1~DTM*472*20130621~CAS*CO*45*53.4~REF*6R*000000000000000000000000000001~AMT*B6*3.56~SE*1982*0001~GE*1*1~IEA*1*004497110~