ISA*00*          *00*          *ZZ*133052274      *ZZ*223389595      *130726*0752*U*00401*004602350*0*P*:~GS*HP*133052274*223389595*20130726*0752*1*X*004010X091A1~ST*835*0001~BPR*C*34013.2*C*ACH*CTX*01*999999999*DA*999999999*1133783732**01*021000089*DA*34182965*20130725~TRN*1*90000257024*1133783732*80141~DTM*405*20130725~N1*PR*HEALTHFIRST PHSP, INC.*XV*133783732~N3*100 CHURCH STREET*18TH FLOOR~N4*NEW YORK*NY*10007~REF*2U*80141~N1*PE*SUNNYSIDE CITYWIDE HOME CARE*FI*113502051~N4*SUNNYSIDE*NY*11104~LX*1~CLP*2488020012013448SUP*1*675.2*675.2**HM*0107051356736*12*1~NM1*QC*1*AHMED*UMARA****MI*XK51476N~NM1*IL*1*AHMED*UMARA****MI*029490423A~NM1*82*1******FI*113502051~DTM*232*20130623~DTM*233*20130627~SVC*HC:T1019*135.04*135.04**32~DTM*472*20130623~REF*6R*1042050001~AMT*B6*135.04~SVC*HC:T1019*135.04*135.04**32~DTM*472*20130624~REF*6R*1042050002~AMT*B6*135.04~SVC*HC:T1019*135.04*135.04**32~DTM*472*20130625~REF*6R*1042050003~AMT*B6*135.04~SVC*HC:T1019*135.04*135.04**32~DTM*472*20130626~REF*6R*1042050004~AMT*B6*135.04~SVC*HC:T1019*135.04*135.04**32~DTM*472*20130627~REF*6R*1042050005~AMT*B6*135.04~LX*2~CLP*2488030012013451SUP*1*759.6*759.6**HM*0107051356737*12*1~NM1*QC*1*AKHTAR*SELINA****MI*SX51375D~NM1*IL*1*AKHTAR*SELINA****MI*090906598J~NM1*82*1******FI*113502051~DTM*232*20130624~DTM*233*20130628~SVC*HC:T1019*151.92*151.92**36~DTM*472*20130624~REF*6R*1042051001~AMT*B6*151.92~SVC*HC:T1019*151.92*151.92**36~DTM*472*20130625~REF*6R*1042051002~AMT*B6*151.92~SVC*HC:T1019*151.92*151.92**36~DTM*472*20130626~REF*6R*1042051003~AMT*B6*151.92~SVC*HC:T1019*151.92*151.92**36~DTM*472*20130627~REF*6R*1042051004~AMT*B6*151.92~SVC*HC:T1019*151.92*151.92**36~DTM*472*20130628~REF*6R*1042051005~AMT*B6*151.92~LX*3~CLP*2488040012008487SUP*1*472.64*472.64**HM*0107051356738*12*1~NM1*QC*1*BEGUM*MANAWARA****MI*VD44720Z~NM1*IL*1*BEGUM*MANIVARA****MI*005352019D~NM1*82*1******FI*113502051~DTM*232*20130622~DTM*233*20130628~SVC*HC:T1019*50.64*50.64**12~DTM*472*20130622~REF*6R*1042052001~AMT*B6*50.64~SVC*HC:T1019*84.4*84.4**20~DTM*472*20130624~REF*6R*1042052002~AMT*B6*84.4~SVC*HC:T1019*84.4*84.4**20~DTM*472*20130625~REF*6R*1042052003~AMT*B6*84.4~SVC*HC:T1019*84.4*84.4**20~DTM*472*20130626~REF*6R*1042052004~AMT*B6*84.4~SVC*HC:T1019*84.4*84.4**20~DTM*472*20130627~REF*6R*1042052005~AMT*B6*84.4~SVC*HC:T1019*84.4*84.4**20~DTM*472*20130628~REF*6R*1042052006~AMT*B6*84.4~LX*4~CLP*2488050012008433SUP*1*945.28*945.28**HM*0107051356739*12*1~NM1*QC*1*BHAIRO*KOWSILLIA****MI*VG15691D~NM1*IL*1*BHAIRO*KOWSILLIA****MI*001903486H~NM1*82*1******FI*113502051~DTM*232*20130622~DTM*233*20130628~SVC*HC:T1019*135.04*135.04**32~DTM*472*20130622~REF*6R*1042053001~AMT*B6*135.04~SVC*HC:T1019*135.04*135.04**32~DTM*472*20130623~REF*6R*1042053002~AMT*B6*135.04~SVC*HC:T1019*135.04*135.04**32~DTM*472*20130624~REF*6R*1042053003~AMT*B6*135.04~SVC*HC:T1019*135.04*135.04**32~DTM*472*20130625~REF*6R*1042053004~AMT*B6*135.04~SVC*HC:T1019*135.04*135.04**32~DTM*472*20130626~REF*6R*1042053005~AMT*B6*135.04~SVC*HC:T1019*135.04*135.04**32~DTM*472*20130627~REF*6R*1042053006~AMT*B6*135.04~SVC*HC:T1019*135.04*135.04**32~DTM*472*20130628~REF*6R*1042053007~AMT*B6*135.04~LX*5~CLP*2488070012009560SUP*1*708.96*708.96**HM*0107051356741*12*1~NM1*QC*1*BOCHENEK*JOLANTA****MI*ZT71147Q~NM1*IL*1*BOCHENEK JOLANTA*E****MI*023208598F~NM1*82*1******FI*113502051~DTM*232*20130622~DTM*233*20130628~SVC*HC:T1019*101.28*101.28**24~DTM*472*20130622~REF*6R*1042055001~AMT*B6*101.28~SVC*HC:T1019*101.28*101.28**24~DTM*472*20130623~REF*6R*1042055002~AMT*B6*101.28~SVC*HC:T1019*101.28*101.28**24~DTM*472*20130624~REF*6R*1042055003~AMT*B6*101.28~SVC*HC:T1019*101.28*101.28**24~DTM*472*20130625~REF*6R*1042055004~AMT*B6*101.28~SVC*HC:T1019*101.28*101.28**24~DTM*472*20130626~REF*6R*1042055005~AMT*B6*101.28~SVC*HC:T1019*101.28*101.28**24~DTM*472*20130627~REF*6R*1042055006~AMT*B6*101.28~SVC*HC:T1019*101.28*101.28**24~DTM*472*20130628~REF*6R*1042055007~AMT*B6*101.28~LX*6~CLP*2488090012008256SUP*1*675.2*675.2**HM*0107051356743*12*1~NM1*QC*1*CARMONA*LUZ****MI*XJ24416K~NM1*IL*1*CARMONA*LUZ****MI*094721358D~NM1*82*1******FI*113502051~DTM*232*20130624~DTM*233*20130628~SVC*HC:T1019*135.04*135.04**32~DTM*472*20130624~REF*6R*1042057001~AMT*B6*135.04~SVC*HC:T1019*135.04*135.04**32~DTM*472*20130625~REF*6R*1042057002~AMT*B6*135.04~SVC*HC:T1019*135.04*135.04**32~DTM*472*20130626~REF*6R*1042057003~AMT*B6*135.04~SVC*HC:T1019*135.04*135.04**32~DTM*472*20130627~REF*6R*1042057004~AMT*B6*135.04~SVC*HC:T1019*135.04*135.04**32~DTM*472*20130628~REF*6R*1042057005~AMT*B6*135.04~LX*7~CLP*2488100012009270SUP*1*810.24*810.24**HM*0107051356744*12*1~NM1*QC*1*CARRION*MARIA****MI*SC64434E~NM1*IL*1*CARRION*MARIA****MI*002802320I~NM1*82*1******FI*113502051~DTM*232*20130622~DTM*233*20130628~SVC*HC:T1019*135.04*135.04**32~DTM*472*20130622~REF*6R*1042058001~AMT*B6*135.04~SVC*HC:T1019*135.04*135.04**32~DTM*472*20130624~REF*6R*1042058002~AMT*B6*135.04~SVC*HC:T1019*135.04*135.04**32~DTM*472*20130625~REF*6R*1042058003~AMT*B6*135.04~SVC*HC:T1019*135.04*135.04**32~DTM*472*20130626~REF*6R*1042058004~AMT*B6*135.04~SVC*HC:T1019*135.04*135.04**32~DTM*472*20130627~REF*6R*1042058005~AMT*B6*135.04~SVC*HC:T1019*135.04*135.04**32~DTM*472*20130628~REF*6R*1042058006~AMT*B6*135.04~LX*8~CLP*2488110012008251SUP*1*675.2*675.2**HM*0107051356745*12*1~NM1*QC*1*CEBALLOS*ANA****MI*UH02585Q~NM1*IL*1*CEBALLOS*ANA****MI*004514470G~NM1*82*1******FI*113502051~DTM*232*20130622~DTM*233*20130628~SVC*HC:T1019*135.04*135.04**32~DTM*472*20130622~REF*6R*1042059001~AMT*B6*135.04~SVC*HC:T1019*135.04*135.04**32~DTM*472*20130624~REF*6R*1042059002~AMT*B6*135.04~SVC*HC:T1019*135.04*135.04**32~DTM*472*20130625~REF*6R*1042059003~AMT*B6*135.04~SVC*HC:T1019*135.04*135.04**32~DTM*472*20130626~REF*6R*1042059004~AMT*B6*135.04~SVC*HC:T1019*135.04*135.04**32~DTM*472*20130628~REF*6R*1042059005~AMT*B6*135.04~LX*9~CLP*2488120012013452SUP*1*1417.92*1417.92**HM*0107051356746*12*1~NM1*QC*1*DEKMAK*GRISEL****MI*VV95212H~NM1*IL*1*DEKMAK*GRISEL****MI*002998792C~NM1*82*1******FI*113502051~DTM*232*20130622~DTM*233*20130628~SVC*HC:T1019*202.56*202.56**48~DTM*472*20130622~REF*6R*1042060001~AMT*B6*202.56~SVC*HC:T1019*202.56*202.56**48~DTM*472*20130623~REF*6R*1042060002~AMT*B6*202.56~SVC*HC:T1019*202.56*202.56**48~DTM*472*20130624~REF*6R*1042060003~AMT*B6*202.56~SVC*HC:T1019*202.56*202.56**48~DTM*472*20130625~REF*6R*1042060004~AMT*B6*202.56~SVC*HC:T1019*202.56*202.56**48~DTM*472*20130626~REF*6R*1042060005~AMT*B6*202.56~SVC*HC:T1019*202.56*202.56**48~DTM*472*20130627~REF*6R*1042060006~AMT*B6*202.56~SVC*HC:T1019*202.56*202.56**48~DTM*472*20130628~REF*6R*1042060007~AMT*B6*202.56~LX*10~CLP*2488130012013453SUP*1*472.64*472.64**HM*0107051356747*12*1~NM1*QC*1*DIAZ*CARMEN*M***MI*WB78930D~NM1*IL*1*DIAZ*CARMEN*M***MI*090106830E~NM1*82*1******FI*113502051~DTM*232*20130624~DTM*233*20130628~SVC*HC:T1019*67.52*67.52**16~DTM*472*20130624~REF*6R*1042061001~AMT*B6*67.52~SVC*HC:T1019*101.28*101.28**24~DTM*472*20130625~REF*6R*1042061002~AMT*B6*101.28~SVC*HC:T1019*101.28*101.28**24~DTM*472*20130626~REF*6R*1042061003~AMT*B6*101.28~SVC*HC:T1019*101.28*101.28**24~DTM*472*20130627~REF*6R*1042061004~AMT*B6*101.28~SVC*HC:T1019*101.28*101.28**24~DTM*472*20130628~REF*6R*1042061005~AMT*B6*101.28~LX*11~CLP*2488140012008571SUP*1*641.44*641.44**HM*0107051356748*12*1~NM1*QC*1*ESPAILLAT*AMPARO****MI*ZG25447P~NM1*IL*1*ESPAILLAT AMPARO*M****MI*028978649D~NM1*82*1******FI*113502051~DTM*232*20130622~DTM*233*20130628~SVC*HC:T1019*67.52*67.52**16~DTM*472*20130622~REF*6R*1042062001~AMT*B6*67.52~SVC*HC:T1019*67.52*67.52**16~DTM*472*20130623~REF*6R*1042062002~AMT*B6*67.52~SVC*HC:T1019*101.28*101.28**24~DTM*472*20130624~REF*6R*1042062003~AMT*B6*101.28~SVC*HC:T1019*101.28*101.28**24~DTM*472*20130625~REF*6R*1042062004~AMT*B6*101.28~SVC*HC:T1019*101.28*101.28**24~DTM*472*20130626~REF*6R*1042062005~AMT*B6*101.28~SVC*HC:T1019*101.28*101.28**24~DTM*472*20130627~REF*6R*1042062006~AMT*B6*101.28~SVC*HC:T1019*101.28*101.28**24~DTM*472*20130628~REF*6R*1042062007~AMT*B6*101.28~LX*12~CLP*2488150012008257SUP*1*607.68*607.68**HM*0107051356749*12*1~NM1*QC*1*ESTEVEZ*JOSE****MI*YD71377C~NM1*IL*1*ESTEVEZ*JOSE****MI*004282372E~NM1*82*1******FI*113502051~DTM*232*20130623~DTM*233*20130628~SVC*HC:T1019*101.28*101.28**24~DTM*472*20130623~REF*6R*1042063001~AMT*B6*101.28~SVC*HC:T1019*101.28*101.28**24~DTM*472*20130624~REF*6R*1042063002~AMT*B6*101.28~SVC*HC:T1019*101.28*101.28**24~DTM*472*20130625~REF*6R*1042063003~AMT*B6*101.28~SVC*HC:T1019*101.28*101.28**24~DTM*472*20130626~REF*6R*1042063004~AMT*B6*101.28~SVC*HC:T1019*101.28*101.28**24~DTM*472*20130627~REF*6R*1042063005~AMT*B6*101.28~SVC*HC:T1019*101.28*101.28**24~DTM*472*20130628~REF*6R*1042063006~AMT*B6*101.28~LX*13~CLP*2488160012013454SUP*1*202.56*202.56**HM*0107051356750*12*1~NM1*QC*1*FERNANDEZ*MARIA*C***MI*XG23851A~NM1*IL*1*FERNANDEZ*MARIA*C***MI*025566286I~NM1*82*1******FI*113502051~DTM*232*20130626~DTM*233*20130628~SVC*HC:T1019*67.52*67.52**16~DTM*472*20130626~REF*6R*1042064001~AMT*B6*67.52~SVC*HC:T1019*67.52*67.52**16~DTM*472*20130627~REF*6R*1042064002~AMT*B6*67.52~SVC*HC:T1019*67.52*67.52**16~DTM*472*20130628~REF*6R*1042064003~AMT*B6*67.52~LX*14~CLP*2488170012009001SUP*1*1350.4*1350.4**HM*0107051356751*12*1~NM1*QC*1*FERRERA*FRANCISCA****MI*YH55651V~NM1*IL*1*FERRERA*FRANCISCA****MI*99YH55651V~NM1*82*1******FI*113502051~DTM*232*20130621~DTM*233*20130628~SVC*HC:T1019*168.8*168.8**40~DTM*472*20130621~REF*6R*1042065001~AMT*B6*168.8~SVC*HC:T1019*168.8*168.8**40~DTM*472*20130622~REF*6R*1042065002~AMT*B6*168.8~SVC*HC:T1019*168.8*168.8**40~DTM*472*20130623~REF*6R*1042065003~AMT*B6*168.8~SVC*HC:T1019*168.8*168.8**40~DTM*472*20130624~REF*6R*1042065004~AMT*B6*168.8~SVC*HC:T1019*168.8*168.8**40~DTM*472*20130625~REF*6R*1042065005~AMT*B6*168.8~SVC*HC:T1019*168.8*168.8**40~DTM*472*20130626~REF*6R*1042065006~AMT*B6*168.8~SVC*HC:T1019*168.8*168.8**40~DTM*472*20130627~REF*6R*1042065007~AMT*B6*168.8~SVC*HC:T1019*168.8*168.8**40~DTM*472*20130628~REF*6R*1042065008~AMT*B6*168.8~LX*15~CLP*2488180012013455SUP*1*1164.72*1164.72**HM*0107051356752*12*1~NM1*QC*1*FLORES*MARITZA*S***MI*ZG96532J~NM1*IL*1*FLORES*MARITZA*S***MI*028741851B~NM1*82*1******FI*113502051~DTM*232*20130622~DTM*233*20130628~SVC*HC:T1019*151.92*151.92**36~DTM*472*20130622~REF*6R*1042066001~AMT*B6*151.92~SVC*HC:T1019*168.8*168.8**40~DTM*472*20130623~REF*6R*1042066002~AMT*B6*168.8~SVC*HC:T1019*168.8*168.8**40~DTM*472*20130624~REF*6R*1042066003~AMT*B6*168.8~SVC*HC:T1019*168.8*168.8**40~DTM*472*20130625~REF*6R*1042066004~AMT*B6*168.8~SVC*HC:T1019*168.8*168.8**40~DTM*472*20130626~REF*6R*1042066005~AMT*B6*168.8~SVC*HC:T1019*168.8*168.8**40~DTM*472*20130627~REF*6R*1042066006~AMT*B6*168.8~SVC*HC:T1019*168.8*168.8**40~DTM*472*20130628~REF*6R*1042066007~AMT*B6*168.8~LX*16~CLP*2488190012008362SUP*1*1316.64*1316.64**HM*0107051356753*12*1~NM1*QC*1*FONTANES JR*PEDRO****MI*RX10287Z~NM1*IL*1*FONTANES*PEDRO****MI*090453523E~NM1*82*1******FI*113502051~DTM*232*20130622~DTM*233*20130628~SVC*HC:T1019*202.56*202.56**48~DTM*472*20130622~REF*6R*1042067001~AMT*B6*202.56~SVC*HC:T1019*202.56*202.56**48~DTM*472*20130623~REF*6R*1042067002~AMT*B6*202.56~SVC*HC:T1019*101.28*101.28**24~DTM*472*20130624~REF*6R*1042067003~AMT*B6*101.28~SVC*HC:T1019*202.56*202.56**48~DTM*472*20130625~REF*6R*1042067004~AMT*B6*202.56~SVC*HC:T1019*202.56*202.56**48~DTM*472*20130626~REF*6R*1042067005~AMT*B6*202.56~SVC*HC:T1019*202.56*202.56**48~DTM*472*20130627~REF*6R*1042067006~AMT*B6*202.56~SVC*HC:T1019*202.56*202.56**48~DTM*472*20130628~REF*6R*1042067007~AMT*B6*202.56~LX*17~CLP*2488200012008411SUP*1*945.28*945.28**HM*0107051356754*12*1~NM1*QC*1*FRANCISCO*RICHARD****MI*XR22414G~NM1*IL*1*FRANCISCO*RICHARD****MI*000761238F~NM1*82*1******FI*113502051~DTM*232*20130622~DTM*233*20130628~SVC*HC:T1019*135.04*135.04**32~DTM*472*20130622~REF*6R*1042068001~AMT*B6*135.04~SVC*HC:T1019*135.04*135.04**32~DTM*472*20130623~REF*6R*1042068002~AMT*B6*135.04~SVC*HC:T1019*135.04*135.04**32~DTM*472*20130624~REF*6R*1042068003~AMT*B6*135.04~SVC*HC:T1019*135.04*135.04**32~DTM*472*20130625~REF*6R*1042068004~AMT*B6*135.04~SVC*HC:T1019*135.04*135.04**32~DTM*472*20130626~REF*6R*1042068005~AMT*B6*135.04~SVC*HC:T1019*135.04*135.04**32~DTM*472*20130627~REF*6R*1042068006~AMT*B6*135.04~SVC*HC:T1019*135.04*135.04**32~DTM*472*20130628~REF*6R*1042068007~AMT*B6*135.04~LX*18~CLP*2488210012009425SUP*1*202.56*202.56**HM*0107051356755*12*1~NM1*QC*1*FRIAS HERNANDEZ*BARBARA****MI*YQ10410R~NM1*IL*1*FRIAS BARBARA*I****MI*026990802G~NM1*82*1******FI*113502051~DTM*232*20130624~DTM*233*20130628~SVC*HC:T1019*67.52*67.52**16~DTM*472*20130624~REF*6R*1042069001~AMT*B6*67.52~SVC*HC:T1019*67.52*67.52**16~DTM*472*20130626~REF*6R*1042069002~AMT*B6*67.52~SVC*HC:T1019*67.52*67.52**16~DTM*472*20130628~REF*6R*1042069003~AMT*B6*67.52~LX*19~CLP*2488220012012478SUP*1*945.28*945.28**HM*0107051356756*12*1~NM1*QC*1*ISKANDER*JACOB****MI*YS88012Z~NM1*IL*1*ISKANDER*JACOB****MI*028669406C~NM1*82*1******FI*113502051~DTM*232*20130622~DTM*233*20130628~SVC*HC:T1019*135.04*135.04**32~DTM*472*20130622~REF*6R*1042070001~AMT*B6*135.04~SVC*HC:T1019*135.04*135.04**32~DTM*472*20130623~REF*6R*1042070002~AMT*B6*135.04~SVC*HC:T1019*135.04*135.04**32~DTM*472*20130624~REF*6R*1042070003~AMT*B6*135.04~SVC*HC:T1019*135.04*135.04**32~DTM*472*20130625~REF*6R*1042070004~AMT*B6*135.04~SVC*HC:T1019*135.04*135.04**32~DTM*472*20130626~REF*6R*1042070005~AMT*B6*135.04~SVC*HC:T1019*135.04*135.04**32~DTM*472*20130627~REF*6R*1042070006~AMT*B6*135.04~SVC*HC:T1019*135.04*135.04**32~DTM*472*20130628~REF*6R*1042070007~AMT*B6*135.04~LX*20~CLP*2488230012013458SUP*1*84.4*84.4**HM*0107051356757*12*1~NM1*QC*1*JONES*CYNTHIA*Y***MI*ZU54275V~NM1*IL*1*JONES*CYNTHIA*Y***MI*090057283F~NM1*82*1******FI*113502051~DTM*232*20130620~SVC*HC:T1019*84.4*84.4**20~DTM*472*20130620~REF*6R*1042071001~AMT*B6*84.4~LX*21~CLP*2488240012013459SUP*1*1367.28*1367.28**HM*0107051356758*12*1~NM1*QC*1*KHAN*FARUQUE****MI*VM87355G~NM1*IL*1*KHAN*FARUQUE****MI*021148983G~NM1*82*1******FI*113502051~DTM*232*20130622~DTM*233*20130628~SVC*HC:T1019*202.56*202.56**48~DTM*472*20130622~REF*6R*1042072001~AMT*B6*202.56~SVC*HC:T1019*151.92*151.92**36~DTM*472*20130623~REF*6R*1042072002~AMT*B6*151.92~SVC*HC:T1019*202.56*202.56**48~DTM*472*20130624~REF*6R*1042072003~AMT*B6*202.56~SVC*HC:T1019*202.56*202.56**48~DTM*472*20130625~REF*6R*1042072004~AMT*B6*202.56~SVC*HC:T1019*202.56*202.56**48~DTM*472*20130626~REF*6R*1042072005~AMT*B6*202.56~SVC*HC:T1019*202.56*202.56**48~DTM*472*20130627~REF*6R*1042072006~AMT*B6*202.56~SVC*HC:T1019*202.56*202.56**48~DTM*472*20130628~REF*6R*1042072007~AMT*B6*202.56~LX*22~CLP*2488250012013461SUP*1*590.8*590.8**HM*0107051356759*12*1~NM1*QC*1*KROLL*KATHERINE*M***MI*ZQ14882N~NM1*IL*1*KROLL*KATHERINE*M***MI*007448075H~NM1*82*1******FI*113502051~DTM*232*20130617~DTM*233*20130621~SVC*HC:T1019*118.16*118.16**28~DTM*472*20130617~REF*6R*1042073001~AMT*B6*118.16~SVC*HC:T1019*118.16*118.16**28~DTM*472*20130618~REF*6R*1042073002~AMT*B6*118.16~SVC*HC:T1019*118.16*118.16**28~DTM*472*20130619~REF*6R*1042073003~AMT*B6*118.16~SVC*HC:T1019*118.16*118.16**28~DTM*472*20130620~REF*6R*1042073004~AMT*B6*118.16~SVC*HC:T1019*118.16*118.16**28~DTM*472*20130621~REF*6R*1042073005~AMT*B6*118.16~LX*23~CLP*2488260012010967SUP*1*945.28*945.28**HM*0107051356760*12*1~NM1*QC*1*LARA*TOMASA*G***MI*SX47950B~NM1*IL*1*LARA*TOMASA****MI*009839480C~NM1*82*1******FI*113502051~DTM*232*20130620~DTM*233*20130628~SVC*HC:T1019*135.04*135.04**32~DTM*472*20130620~REF*6R*1042074001~AMT*B6*135.04~SVC*HC:T1019*135.04*135.04**32~DTM*472*20130622~REF*6R*1042074002~AMT*B6*135.04~SVC*HC:T1019*135.04*135.04**32~DTM*472*20130624~REF*6R*1042074003~AMT*B6*135.04~SVC*HC:T1019*135.04*135.04**32~DTM*472*20130625~REF*6R*1042074004~AMT*B6*135.04~SVC*HC:T1019*135.04*135.04**32~DTM*472*20130626~REF*6R*1042074005~AMT*B6*135.04~SVC*HC:T1019*135.04*135.04**32~DTM*472*20130627~REF*6R*1042074006~AMT*B6*135.04~SVC*HC:T1019*135.04*135.04**32~DTM*472*20130628~REF*6R*1042074007~AMT*B6*135.04~LX*24~CLP*2488270012010311SUP*4*1417.92*0**HM*0107051356761*12*1~NM1*QC*1*LAZALA*GLADYS****MI*ZT39863D~NM1*IL*1*LAZALA*GLADYS****MI*029466453H~NM1*82*1******FI*113502051~DTM*232*20130622~DTM*233*20130628~SVC*HC:T1019*202.56*0****48~DTM*472*20130622~CAS*OA*96*202.56~REF*6R*1042075001~AMT*B6*202.56~SVC*HC:T1019*202.56*0****48~DTM*472*20130623~CAS*OA*96*202.56~REF*6R*1042075002~AMT*B6*202.56~SVC*HC:T1019*202.56*0****48~DTM*472*20130624~CAS*OA*96*202.56~REF*6R*1042075003~AMT*B6*202.56~SVC*HC:T1019*202.56*0****48~DTM*472*20130625~CAS*OA*96*202.56~REF*6R*1042075004~AMT*B6*202.56~SVC*HC:T1019*202.56*0****48~DTM*472*20130626~CAS*OA*96*202.56~REF*6R*1042075005~AMT*B6*202.56~SVC*HC:T1019*202.56*0****48~DTM*472*20130627~CAS*OA*96*202.56~REF*6R*1042075006~AMT*B6*202.56~SVC*HC:T1019*202.56*0****48~DTM*472*20130628~CAS*OA*96*202.56~REF*6R*1042075007~AMT*B6*202.56~LX*25~CLP*2488280012008249SUP*1*1299.76*1299.76**HM*0107051356762*12*1~NM1*QC*1*LOPEZRAMIREZ*CARLOTA****MI*QR43529V~NM1*IL*1*LOPEZ RAMIREZ*CARLOTA****MI*021285259E~NM1*82*1******FI*113502051~DTM*232*20130622~DTM*233*20130628~SVC*HC:T1019*185.68*185.68**44~DTM*472*20130622~REF*6R*1042076001~AMT*B6*185.68~SVC*HC:T1019*185.68*185.68**44~DTM*472*20130623~REF*6R*1042076002~AMT*B6*185.68~SVC*HC:T1019*185.68*185.68**44~DTM*472*20130624~REF*6R*1042076003~AMT*B6*185.68~SVC*HC:T1019*185.68*185.68**44~DTM*472*20130625~REF*6R*1042076004~AMT*B6*185.68~SVC*HC:T1019*185.68*185.68**44~DTM*472*20130626~REF*6R*1042076005~AMT*B6*185.68~SVC*HC:T1019*185.68*185.68**44~DTM*472*20130627~REF*6R*1042076006~AMT*B6*185.68~SVC*HC:T1019*185.68*185.68**44~DTM*472*20130628~REF*6R*1042076007~AMT*B6*185.68~LX*26~CLP*2488290012008253SUP*1*1417.92*1417.92**HM*0107051356763*12*1~NM1*QC*1*MACARENO*SAHARA*S***MI*VT07830U~NM1*IL*1*MACARENO*SAHARA****MI*004698005I~NM1*82*1******FI*113502051~DTM*232*20130622~DTM*233*20130628~SVC*HC:T1019*202.56*202.56**48~DTM*472*20130622~REF*6R*1042077001~AMT*B6*202.56~SVC*HC:T1019*202.56*202.56**48~DTM*472*20130623~REF*6R*1042077002~AMT*B6*202.56~SVC*HC:T1019*202.56*202.56**48~DTM*472*20130624~REF*6R*1042077003~AMT*B6*202.56~SVC*HC:T1019*202.56*202.56**48~DTM*472*20130625~REF*6R*1042077004~AMT*B6*202.56~SVC*HC:T1019*202.56*202.56**48~DTM*472*20130626~REF*6R*1042077005~AMT*B6*202.56~SVC*HC:T1019*202.56*202.56**48~DTM*472*20130627~REF*6R*1042077006~AMT*B6*202.56~SVC*HC:T1019*202.56*202.56**48~DTM*472*20130628~REF*6R*1042077007~AMT*B6*202.56~LX*27~CLP*2488300012013462SUP*1*708.96*708.96**HM*0107051356764*12*1~NM1*QC*1*HERNANDEZ*EDWIN*M***MI*XV26396D~NM1*IL*1*HERNANDEZ*EDWIN*M***MI*027297176D~NM1*82*1******FI*113502051~DTM*232*20130622~DTM*233*20130628~SVC*HC:T1019*101.28*101.28**24~DTM*472*20130622~REF*6R*1042078001~AMT*B6*101.28~SVC*HC:T1019*101.28*101.28**24~DTM*472*20130623~REF*6R*1042078002~AMT*B6*101.28~SVC*HC:T1019*101.28*101.28**24~DTM*472*20130624~REF*6R*1042078003~AMT*B6*101.28~SVC*HC:T1019*101.28*101.28**24~DTM*472*20130625~REF*6R*1042078004~AMT*B6*101.28~SVC*HC:T1019*101.28*101.28**24~DTM*472*20130626~REF*6R*1042078005~AMT*B6*101.28~SVC*HC:T1019*101.28*101.28**24~DTM*472*20130627~REF*6R*1042078006~AMT*B6*101.28~SVC*HC:T1019*101.28*101.28**24~DTM*472*20130628~REF*6R*1042078007~AMT*B6*101.28~LX*28~CLP*2488310012013463SUP*1*506.4*506.4**HM*0107051356765*12*1~NM1*QC*1*MOSKOWITZ*RONA****MI*ZK67666G~NM1*IL*1*MOSKOWITZ*RONA****MI*029306607C~NM1*82*1******FI*113502051~DTM*232*20130622~DTM*233*20130628~SVC*HC:T1019*101.28*101.28**24~DTM*472*20130622~REF*6R*1042079001~AMT*B6*101.28~SVC*HC:T1019*101.28*101.28**24~DTM*472*20130625~REF*6R*1042079002~AMT*B6*101.28~SVC*HC:T1019*101.28*101.28**24~DTM*472*20130626~REF*6R*1042079003~AMT*B6*101.28~SVC*HC:T1019*101.28*101.28**24~DTM*472*20130627~REF*6R*1042079004~AMT*B6*101.28~SVC*HC:T1019*101.28*101.28**24~DTM*472*20130628~REF*6R*1042079005~AMT*B6*101.28~LX*29~CLP*2488320012012683SUP*1*607.68*607.68**HM*0107051356766*12*1~NM1*QC*1*ORTIZ*TULA****MI*ST52677J~NM1*IL*1*ORTIZ*TULA****MI*003457338G~NM1*82*1******FI*113502051~DTM*232*20130622~DTM*233*20130628~SVC*HC:T1019*101.28*101.28**24~DTM*472*20130622~REF*6R*1042080001~AMT*B6*101.28~SVC*HC:T1019*101.28*101.28**24~DTM*472*20130624~REF*6R*1042080002~AMT*B6*101.28~SVC*HC:T1019*101.28*101.28**24~DTM*472*20130625~REF*6R*1042080003~AMT*B6*101.28~SVC*HC:T1019*101.28*101.28**24~DTM*472*20130626~REF*6R*1042080004~AMT*B6*101.28~SVC*HC:T1019*101.28*101.28**24~DTM*472*20130627~REF*6R*1042080005~AMT*B6*101.28~SVC*HC:T1019*101.28*101.28**24~DTM*472*20130628~REF*6R*1042080006~AMT*B6*101.28~LX*30~CLP*2488330012013053SUP*1*1417.92*1417.92**HM*0107051356767*12*1~NM1*QC*1*PALAZZOLO*FLORENCE****MI*PD96979S~NM1*IL*1*PALAZZOLO*FLORENCE****MI*023925099G~NM1*82*1******FI*113502051~DTM*232*20130622~DTM*233*20130627~SVC*HC:T1020*202.56*202.56**12~DTM*472*20130622~REF*6R*1042081001~AMT*B6*202.56~SVC*HC:T1020*202.56*202.56**12~DTM*472*20130623~REF*6R*1042081002~AMT*B6*202.56~SVC*HC:T1020*405.12*405.12**24~DTM*472*20130624~REF*6R*1042081003~AMT*B6*405.12~SVC*HC:T1020*202.56*202.56**12~DTM*472*20130625~REF*6R*1042081004~AMT*B6*202.56~SVC*HC:T1020*202.56*202.56**12~DTM*472*20130626~REF*6R*1042081005~AMT*B6*202.56~SVC*HC:T1020*202.56*202.56**12~DTM*472*20130627~REF*6R*1042081006~AMT*B6*202.56~LX*31~CLP*2488350012013465SUP*1*506.4*506.4**HM*0107051356769*12*1~NM1*QC*1*RODRIGUEZ*MARIA****MI*SB98419Y~NM1*IL*1*RODRIGUEZ*MARIA****MI*006405869G~NM1*82*1******FI*113502051~DTM*232*20130624~DTM*233*20130628~SVC*HC:T1019*101.28*101.28**24~DTM*472*20130624~REF*6R*1042083001~AMT*B6*101.28~SVC*HC:T1019*101.28*101.28**24~DTM*472*20130625~REF*6R*1042083002~AMT*B6*101.28~SVC*HC:T1019*101.28*101.28**24~DTM*472*20130626~REF*6R*1042083003~AMT*B6*101.28~SVC*HC:T1019*101.28*101.28**24~DTM*472*20130627~REF*6R*1042083004~AMT*B6*101.28~SVC*HC:T1019*101.28*101.28**24~DTM*472*20130628~REF*6R*1042083005~AMT*B6*101.28~LX*32~CLP*2488360012013466SUP*1*422*422**HM*0107051356770*12*1~NM1*QC*1*RODRIGUEZ*JESSE*D***MI*YC62425G~NM1*IL*1*RODRIGUEZ*JESSE*D***MI*029089048C~NM1*82*1******FI*113502051~DTM*232*20130617~DTM*233*20130628~SVC*HC:T1019*84.4*84.4**20~DTM*472*20130617~REF*6R*1042084001~AMT*B6*84.4~SVC*HC:T1019*84.4*84.4**20~DTM*472*20130625~REF*6R*1042084002~AMT*B6*84.4~SVC*HC:T1019*84.4*84.4**20~DTM*472*20130626~REF*6R*1042084003~AMT*B6*84.4~SVC*HC:T1019*84.4*84.4**20~DTM*472*20130627~REF*6R*1042084004~AMT*B6*84.4~SVC*HC:T1019*84.4*84.4**20~DTM*472*20130628~REF*6R*1042084005~AMT*B6*84.4~LX*33~CLP*2488370012008368SUP*1*337.6*337.6**HM*0107051356771*12*1~NM1*QC*1*RODRIGUEZ*MARGARET****MI*ZP21043J~NM1*IL*1*RODRIGUEZ*MARGARET****MI*029442302F~NM1*82*1******FI*113502051~DTM*232*20130624~DTM*233*20130628~SVC*HC:T1019*67.52*67.52**16~DTM*472*20130624~REF*6R*1042085001~AMT*B6*67.52~SVC*HC:T1019*67.52*67.52**16~DTM*472*20130625~REF*6R*1042085002~AMT*B6*67.52~SVC*HC:T1019*67.52*67.52**16~DTM*472*20130626~REF*6R*1042085003~AMT*B6*67.52~SVC*HC:T1019*67.52*67.52**16~DTM*472*20130627~REF*6R*1042085004~AMT*B6*67.52~SVC*HC:T1019*67.52*67.52**16~DTM*472*20130628~REF*6R*1042085005~AMT*B6*67.52~LX*34~CLP*2488380012008250SUP*1*810.24*810.24**HM*0107051356772*12*1~NM1*QC*1*SALAZAR*LUZ****MI*SC60317K~NM1*IL*1*SALAZAR*LUZ****MI*006227437I~NM1*82*1******FI*113502051~DTM*232*20130623~DTM*233*20130628~SVC*HC:T1019*135.04*135.04**32~DTM*472*20130623~REF*6R*1042086001~AMT*B6*135.04~SVC*HC:T1019*135.04*135.04**32~DTM*472*20130624~REF*6R*1042086002~AMT*B6*135.04~SVC*HC:T1019*135.04*135.04**32~DTM*472*20130625~REF*6R*1042086003~AMT*B6*135.04~SVC*HC:T1019*135.04*135.04**32~DTM*472*20130626~REF*6R*1042086004~AMT*B6*135.04~SVC*HC:T1019*135.04*135.04**32~DTM*472*20130627~REF*6R*1042086005~AMT*B6*135.04~SVC*HC:T1019*135.04*135.04**32~DTM*472*20130628~REF*6R*1042086006~AMT*B6*135.04~LX*35~CLP*2488390012008290SUP*1*675.2*675.2**HM*0107051356773*12*1~NM1*QC*1*SALHUANA*YOLANDA****MI*SZ24247J~NM1*IL*1*SALHUANA*YOLANDA****MI*003059572C~NM1*82*1******FI*113502051~DTM*232*20130624~DTM*233*20130628~SVC*HC:T1019*135.04*135.04**32~DTM*472*20130624~REF*6R*1042087001~AMT*B6*135.04~SVC*HC:T1019*135.04*135.04**32~DTM*472*20130625~REF*6R*1042087002~AMT*B6*135.04~SVC*HC:T1019*135.04*135.04**32~DTM*472*20130626~REF*6R*1042087003~AMT*B6*135.04~SVC*HC:T1019*135.04*135.04**32~DTM*472*20130627~REF*6R*1042087004~AMT*B6*135.04~SVC*HC:T1019*135.04*135.04**32~DTM*472*20130628~REF*6R*1042087005~AMT*B6*135.04~LX*36~CLP*2488410012013467SUP*1*1181.6*1181.6**HM*0107051356775*12*1~NM1*QC*1*SHEPPARD*ERMA****MI*ZX55600A~NM1*IL*1*SHEPPARD*ERMA****MI*028595080E~NM1*82*1******FI*113502051~DTM*232*20130622~DTM*233*20130628~SVC*HC:T1019*168.8*168.8**40~DTM*472*20130622~REF*6R*1042089001~AMT*B6*168.8~SVC*HC:T1019*168.8*168.8**40~DTM*472*20130623~REF*6R*1042089002~AMT*B6*168.8~SVC*HC:T1019*168.8*168.8**40~DTM*472*20130624~REF*6R*1042089003~AMT*B6*168.8~SVC*HC:T1019*168.8*168.8**40~DTM*472*20130625~REF*6R*1042089004~AMT*B6*168.8~SVC*HC:T1019*168.8*168.8**40~DTM*472*20130626~REF*6R*1042089005~AMT*B6*168.8~SVC*HC:T1019*168.8*168.8**40~DTM*472*20130627~REF*6R*1042089006~AMT*B6*168.8~SVC*HC:T1019*168.8*168.8**40~DTM*472*20130628~REF*6R*1042089007~AMT*B6*168.8~LX*37~CLP*2488420012008254SUP*1*675.2*675.2**HM*0107051356776*12*1~NM1*QC*1*SPIVEY*PATRICIA****MI*WE52435B~NM1*IL*1*SPIVEY*PATRICIA****MI*002141585G~NM1*82*1******FI*113502051~DTM*232*20130624~DTM*233*20130628~SVC*HC:T1019*135.04*135.04**32~DTM*472*20130624~REF*6R*1042090001~AMT*B6*135.04~SVC*HC:T1019*135.04*135.04**32~DTM*472*20130625~REF*6R*1042090002~AMT*B6*135.04~SVC*HC:T1019*135.04*135.04**32~DTM*472*20130626~REF*6R*1042090003~AMT*B6*135.04~SVC*HC:T1019*135.04*135.04**32~DTM*472*20130627~REF*6R*1042090004~AMT*B6*135.04~SVC*HC:T1019*135.04*135.04**32~DTM*472*20130628~REF*6R*1042090005~AMT*B6*135.04~LX*38~CLP*2488430012011820SUP*1*1147.84*1147.84**HM*0107051356777*12*1~NM1*QC*1*ST.ROMAIN*CLAUDE****MI*UZ14868C~NM1*IL*1*ST ROMAIN*CLAUDE****MI*001801518A~NM1*82*1******FI*113502051~DTM*232*20130622~DTM*233*20130628~SVC*HC:T1019*151.92*151.92**36~DTM*472*20130622~REF*6R*1042091001~AMT*B6*151.92~SVC*HC:T1019*151.92*151.92**36~DTM*472*20130623~REF*6R*1042091002~AMT*B6*151.92~SVC*HC:T1019*168.8*168.8**40~DTM*472*20130624~REF*6R*1042091003~AMT*B6*168.8~SVC*HC:T1019*168.8*168.8**40~DTM*472*20130625~REF*6R*1042091004~AMT*B6*168.8~SVC*HC:T1019*168.8*168.8**40~DTM*472*20130626~REF*6R*1042091005~AMT*B6*168.8~SVC*HC:T1019*168.8*168.8**40~DTM*472*20130627~REF*6R*1042091006~AMT*B6*168.8~SVC*HC:T1019*168.8*168.8**40~DTM*472*20130628~REF*6R*1042091007~AMT*B6*168.8~LX*39~CLP*2488440012008558SUP*1*2430.72*2430.72**HM*0107051356778*12*1~NM1*QC*1*SURIEL*GERTRUDIS****MI*ZE67447D~NM1*IL*1*SURIEL*GERTRUDIS****MI*094721847F~NM1*82*1******FI*113502051~DTM*232*20130601~DTM*233*20130628~SVC*HC:T1019*202.56*202.56**48~DTM*472*20130601~REF*6R*1042092001~AMT*B6*202.56~SVC*HC:T1019*202.56*202.56**48~DTM*472*20130612~REF*6R*1042092002~AMT*B6*202.56~SVC*HC:T1019*202.56*202.56**48~DTM*472*20130616~REF*6R*1042092003~AMT*B6*202.56~SVC*HC:T1019*202.56*202.56**48~DTM*472*20130617~REF*6R*1042092004~AMT*B6*202.56~SVC*HC:T1019*202.56*202.56**48~DTM*472*20130620~REF*6R*1042092005~AMT*B6*202.56~SVC*HC:T1019*202.56*202.56**48~DTM*472*20130622~REF*6R*1042092006~AMT*B6*202.56~SVC*HC:T1019*202.56*202.56**48~DTM*472*20130623~REF*6R*1042092007~AMT*B6*202.56~SVC*HC:T1019*202.56*202.56**48~DTM*472*20130624~REF*6R*1042092008~AMT*B6*202.56~SVC*HC:T1019*202.56*202.56**48~DTM*472*20130625~REF*6R*1042092009~AMT*B6*202.56~SVC*HC:T1019*202.56*202.56**48~DTM*472*20130626~REF*6R*1042092010~AMT*B6*202.56~SVC*HC:T1019*202.56*202.56**48~DTM*472*20130627~REF*6R*1042092011~AMT*B6*202.56~SVC*HC:T1019*202.56*202.56**48~DTM*472*20130628~REF*6R*1042092012~AMT*B6*202.56~LX*40~CLP*2488450012012772SUP*1*776.48*776.48**HM*0107051356779*12*1~NM1*QC*1*THORNTON*SHIRLEY****MI*ZM67702P~NM1*IL*1*THORNTON*SHIRLEY****MI*026827494B~NM1*82*1******FI*113502051~DTM*232*20130622~DTM*233*20130628~SVC*HC:T1019*135.04*135.04**32~DTM*472*20130622~REF*6R*1042093001~AMT*B6*135.04~SVC*HC:T1019*135.04*135.04**32~DTM*472*20130623~REF*6R*1042093002~AMT*B6*135.04~SVC*HC:T1019*84.4*84.4**20~DTM*472*20130624~REF*6R*1042093003~AMT*B6*84.4~SVC*HC:T1019*135.04*135.04**32~DTM*472*20130625~REF*6R*1042093004~AMT*B6*135.04~SVC*HC:T1019*84.4*84.4**20~DTM*472*20130626~REF*6R*1042093005~AMT*B6*84.4~SVC*HC:T1019*118.16*118.16**28~DTM*472*20130627~REF*6R*1042093006~AMT*B6*118.16~SVC*HC:T1019*84.4*84.4**20~DTM*472*20130628~REF*6R*1042093007~AMT*B6*84.4~LX*41~CLP*2488460012012823SUP*1*506.4*303.84**HM*0107051356780*12*1~NM1*QC*1*VALENCIA*ESTHER****MI*UF20889J~NM1*IL*1*VALENCIA ESTHER*J****MI*004131498A~NM1*82*1******FI*113502051~DTM*232*20130617~DTM*233*20130624~SVC*HC:T1019*101.28*101.28**24~DTM*472*20130617~REF*6R*1042094001~AMT*B6*101.28~SVC*HC:T1019*101.28*101.28**24~DTM*472*20130618~REF*6R*1042094002~AMT*B6*101.28~SVC*HC:T1019*101.28*101.28**24~DTM*472*20130619~REF*6R*1042094003~AMT*B6*101.28~SVC*HC:T1019*101.28*0****24~DTM*472*20130620~CAS*OA*96*101.28~REF*6R*1042094004~AMT*B6*101.28~SVC*HC:T1019*101.28*0****24~DTM*472*20130624~CAS*OA*96*101.28~REF*6R*1042094005~AMT*B6*101.28~LX*42~CLP*2488470012010758SUP*1*168.8*168.8**HM*0107051356781*12*1~NM1*QC*1*VASQUEZ*OLGA****MI*WU00136E~NM1*IL*1*VASQUEZ*OLGA****MI*99WU00136E~NM1*82*1******FI*113502051~DTM*232*20130627~DTM*233*20130628~SVC*HC:T1019*84.4*84.4**20~DTM*472*20130627~REF*6R*1042095001~AMT*B6*84.4~SVC*HC:T1019*84.4*84.4**20~DTM*472*20130628~REF*6R*1042095002~AMT*B6*84.4~LX*43~CLP*2488480012013468SUP*4*202.56*0**HM*0107051356782*12*1~NM1*QC*1*WELLS*WYNORIA****MI*ZR27322A~NM1*IL*1*WELLS*WYNORIA****MI*094802461H~NM1*82*1******FI*113502051~DTM*232*20130624~DTM*233*20130627~SVC*HC:T1019*67.52*0****16~DTM*472*20130624~CAS*OA*96*67.52~REF*6R*1042096001~AMT*B6*67.52~SVC*HC:T1019*67.52*0****16~DTM*472*20130625~CAS*OA*96*67.52~REF*6R*1042096002~AMT*B6*67.52~SVC*HC:T1019*67.52*0****16~DTM*472*20130627~CAS*OA*96*67.52~REF*6R*1042096003~AMT*B6*67.52~LX*44~CLP*2488490012013469SUP*1*641.44*641.44**HM*0107051356783*12*1~NM1*QC*1*WILSON*SHERYL*A***MI*UR09425R~NM1*IL*1*WILSON*SHERYL*A***MI*028641214D~NM1*82*1******FI*113502051~DTM*232*20130622~DTM*233*20130628~SVC*HC:T1019*67.52*67.52**16~DTM*472*20130622~REF*6R*1042097001~AMT*B6*67.52~SVC*HC:T1019*67.52*67.52**16~DTM*472*20130623~REF*6R*1042097002~AMT*B6*67.52~SVC*HC:T1019*101.28*101.28**24~DTM*472*20130624~REF*6R*1042097003~AMT*B6*101.28~SVC*HC:T1019*101.28*101.28**24~DTM*472*20130625~REF*6R*1042097004~AMT*B6*101.28~SVC*HC:T1019*101.28*101.28**24~DTM*472*20130626~REF*6R*1042097005~AMT*B6*101.28~SVC*HC:T1019*101.28*101.28**24~DTM*472*20130627~REF*6R*1042097006~AMT*B6*101.28~SVC*HC:T1019*101.28*101.28**24~DTM*472*20130628~REF*6R*1042097007~AMT*B6*101.28~LX*45~CLP*2077000012009405SUP*4*506.4*0**HM*0107111370102*12*1~NM1*QC*1*CORTESDEGALINDO*NELIDA****MI*PF03624B~NM1*IL*1*CORTES DE GALINDO*NELIDA****MI*023819354E~NM1*82*1******FI*113502051~DTM*232*20120820~DTM*233*20120824~SVC*HC:T1019*101.28*0****24~DTM*472*20120820~CAS*OA*96*101.28~REF*6R*1056630001~AMT*B6*101.28~SVC*HC:T1019*101.28*0****24~DTM*472*20120821~CAS*OA*96*101.28~REF*6R*1056630002~AMT*B6*101.28~SVC*HC:T1019*101.28*0****24~DTM*472*20120822~CAS*OA*96*101.28~REF*6R*1056630003~AMT*B6*101.28~SVC*HC:T1019*101.28*0****24~DTM*472*20120823~CAS*OA*96*101.28~REF*6R*1056630004~AMT*B6*101.28~SVC*HC:T1019*101.28*0****24~DTM*472*20120824~CAS*OA*96*101.28~REF*6R*1056630005~AMT*B6*101.28~LX*46~CLP*2106550012009405SUP*4*84.4*0**HM*0107111370103*12*1~NM1*QC*1*CORTESDEGALINDO*NELIDA****MI*PF03624B~NM1*IL*1*CORTES DE GALINDO*NELIDA****MI*023819354E~NM1*82*1******FI*113502051~DTM*232*20120827~SVC*HC:T1019*84.4*0****20~DTM*472*20120827~CAS*OA*96*84.4~REF*6R*1056631001~AMT*B6*84.4~LX*47~CLP*2091570012009405SUP*4*303.84*0**HM*0107111370104*12*1~NM1*QC*1*CORTESDEGALINDO*NELIDA****MI*PF03624B~NM1*IL*1*CORTES DE GALINDO*NELIDA****MI*023819354E~NM1*82*1******FI*113502051~DTM*232*20120828~DTM*233*20120830~SVC*HC:T1019*101.28*0****24~DTM*472*20120828~CAS*OA*96*101.28~REF*6R*1056632001~AMT*B6*101.28~SVC*HC:T1019*101.28*0****24~DTM*472*20120829~CAS*OA*96*101.28~REF*6R*1056632002~AMT*B6*101.28~SVC*HC:T1019*101.28*0****24~DTM*472*20120830~CAS*OA*96*101.28~REF*6R*1056632003~AMT*B6*101.28~LX*48~CLP*2114220012009405SUP*4*202.56*0**HM*0107111370105*12*1~NM1*QC*1*CORTESDEGALINDO*NELIDA****MI*PF03624B~NM1*IL*1*CORTES DE GALINDO*NELIDA****MI*023819354E~NM1*82*1******FI*113502051~DTM*232*20120903~DTM*233*20120904~SVC*HC:T1019*101.28*0****24~DTM*472*20120903~CAS*OA*96*101.28~REF*6R*1056633001~AMT*B6*101.28~SVC*HC:T1019*101.28*0****24~DTM*472*20120904~CAS*OA*96*101.28~REF*6R*1056633002~AMT*B6*101.28~LX*49~CLP*2106550012009405SUP*4*151.92*0**HM*0107111370106*12*1~NM1*QC*1*CORTESDEGALINDO*NELIDA****MI*PF03624B~NM1*IL*1*CORTES DE GALINDO*NELIDA****MI*023819354E~NM1*82*1******FI*113502051~DTM*232*20120905~DTM*233*20120906~SVC*HC:T1019*50.64*0****12~DTM*472*20120905~CAS*OA*96*50.64~REF*6R*1056634001~AMT*B6*50.64~SVC*HC:T1019*101.28*0****24~DTM*472*20120906~CAS*OA*96*101.28~REF*6R*1056634002~AMT*B6*101.28~LX*50~CLP*2123810012009405SUP*4*101.28*0**HM*0107111370107*12*1~NM1*QC*1*CORTESDEGALINDO*NELIDA****MI*PF03624B~NM1*IL*1*CORTES DE GALINDO*NELIDA****MI*023819354E~NM1*82*1******FI*113502051~DTM*232*20120907~SVC*HC:T1019*101.28*0****24~DTM*472*20120907~CAS*OA*96*101.28~REF*6R*1056635001~AMT*B6*101.28~LX*51~CLP*2114220012009405SUP*4*506.4*0**HM*0107111370108*12*1~NM1*QC*1*CORTESDEGALINDO*NELIDA****MI*PF03624B~NM1*IL*1*CORTES DE GALINDO*NELIDA****MI*023819354E~NM1*82*1******FI*113502051~DTM*232*20120910~DTM*233*20120914~SVC*HC:T1019*101.28*0****24~DTM*472*20120910~CAS*OA*96*101.28~REF*6R*1056636001~AMT*B6*101.28~SVC*HC:T1019*101.28*0****24~DTM*472*20120911~CAS*OA*96*101.28~REF*6R*1056636002~AMT*B6*101.28~SVC*HC:T1019*101.28*0****24~DTM*472*20120912~CAS*OA*96*101.28~REF*6R*1056636003~AMT*B6*101.28~SVC*HC:T1019*101.28*0****24~DTM*472*20120913~CAS*OA*96*101.28~REF*6R*1056636004~AMT*B6*101.28~SVC*HC:T1019*101.28*0****24~DTM*472*20120914~CAS*OA*96*101.28~REF*6R*1056636005~AMT*B6*101.28~LX*52~CLP*2106550012009405SUP*4*506.4*0**HM*0107111370109*12*1~NM1*QC*1*CORTESDEGALINDO*NELIDA****MI*PF03624B~NM1*IL*1*CORTES DE GALINDO*NELIDA****MI*023819354E~NM1*82*1******FI*113502051~DTM*232*20120917~DTM*233*20120921~SVC*HC:T1019*101.28*0****24~DTM*472*20120917~CAS*OA*96*101.28~REF*6R*1056637001~AMT*B6*101.28~SVC*HC:T1019*101.28*0****24~DTM*472*20120918~CAS*OA*96*101.28~REF*6R*1056637002~AMT*B6*101.28~SVC*HC:T1019*101.28*0****24~DTM*472*20120919~CAS*OA*96*101.28~REF*6R*1056637003~AMT*B6*101.28~SVC*HC:T1019*101.28*0****24~DTM*472*20120920~CAS*OA*96*101.28~REF*6R*1056637004~AMT*B6*101.28~SVC*HC:T1019*101.28*0****24~DTM*472*20120921~CAS*OA*96*101.28~REF*6R*1056637005~AMT*B6*101.28~LX*53~CLP*2123810012009405SUP*4*405.12*0**HM*0107111370110*12*1~NM1*QC*1*CORTESDEGALINDO*NELIDA****MI*PF03624B~NM1*IL*1*CORTES DE GALINDO*NELIDA****MI*023819354E~NM1*82*1******FI*113502051~DTM*232*20120924~DTM*233*20120927~SVC*HC:T1019*101.28*0****24~DTM*472*20120924~CAS*OA*96*101.28~REF*6R*1056638001~AMT*B6*101.28~SVC*HC:T1019*101.28*0****24~DTM*472*20120925~CAS*OA*96*101.28~REF*6R*1056638002~AMT*B6*101.28~SVC*HC:T1019*101.28*0****24~DTM*472*20120926~CAS*OA*96*101.28~REF*6R*1056638003~AMT*B6*101.28~SVC*HC:T1019*101.28*0****24~DTM*472*20120927~CAS*OA*96*101.28~REF*6R*1056638004~AMT*B6*101.28~LX*54~CLP*2131580012009405SUP*4*101.28*0**HM*0107111370111*12*1~NM1*QC*1*CORTESDEGALINDO*NELIDA****MI*PF03624B~NM1*IL*1*CORTES DE GALINDO*NELIDA****MI*023819354E~NM1*82*1******FI*113502051~DTM*232*20120928~SVC*HC:T1019*101.28*0****24~DTM*472*20120928~CAS*OA*96*101.28~REF*6R*1056639001~AMT*B6*101.28~LX*55~CLP*2123810012009405SUP*4*506.4*0**HM*0107111370112*12*1~NM1*QC*1*CORTESDEGALINDO*NELIDA****MI*PF03624B~NM1*IL*1*CORTES DE GALINDO*NELIDA****MI*023819354E~NM1*82*1******FI*113502051~DTM*232*20121001~DTM*233*20121005~SVC*HC:T1019*101.28*0****24~DTM*472*20121001~CAS*OA*96*101.28~REF*6R*1056640001~AMT*B6*101.28~SVC*HC:T1019*101.28*0****24~DTM*472*20121002~CAS*OA*96*101.28~REF*6R*1056640002~AMT*B6*101.28~SVC*HC:T1019*101.28*0****24~DTM*472*20121003~CAS*OA*96*101.28~REF*6R*1056640003~AMT*B6*101.28~SVC*HC:T1019*101.28*0****24~DTM*472*20121004~CAS*OA*96*101.28~REF*6R*1056640004~AMT*B6*101.28~SVC*HC:T1019*101.28*0****24~DTM*472*20121005~CAS*OA*96*101.28~REF*6R*1056640005~AMT*B6*101.28~LX*56~CLP*2139430012009405SUP*4*1012.8*0**HM*0107111370113*12*1~NM1*QC*1*CORTESDEGALINDO*NELIDA****MI*PF03624B~NM1*IL*1*CORTES DE GALINDO*NELIDA****MI*023819354E~NM1*82*1******FI*113502051~DTM*232*20121008~DTM*233*20121019~SVC*HC:T1019*101.28*0****24~DTM*472*20121008~CAS*OA*96*101.28~REF*6R*1056641001~AMT*B6*101.28~SVC*HC:T1019*101.28*0****24~DTM*472*20121009~CAS*OA*96*101.28~REF*6R*1056641002~AMT*B6*101.28~SVC*HC:T1019*101.28*0****24~DTM*472*20121010~CAS*OA*96*101.28~REF*6R*1056641003~AMT*B6*101.28~SVC*HC:T1019*101.28*0****24~DTM*472*20121011~CAS*OA*96*101.28~REF*6R*1056641004~AMT*B6*101.28~SVC*HC:T1019*101.28*0****24~DTM*472*20121012~CAS*OA*96*101.28~REF*6R*1056641005~AMT*B6*101.28~SVC*HC:T1019*101.28*0****24~DTM*472*20121015~CAS*OA*96*101.28~REF*6R*1056641006~AMT*B6*101.28~SVC*HC:T1019*101.28*0****24~DTM*472*20121016~CAS*OA*96*101.28~REF*6R*1056641007~AMT*B6*101.28~SVC*HC:T1019*101.28*0****24~DTM*472*20121017~CAS*OA*96*101.28~REF*6R*1056641008~AMT*B6*101.28~SVC*HC:T1019*101.28*0****24~DTM*472*20121018~CAS*OA*96*101.28~REF*6R*1056641009~AMT*B6*101.28~SVC*HC:T1019*101.28*0****24~DTM*472*20121019~CAS*OA*96*101.28~REF*6R*1056641010~AMT*B6*101.28~LX*57~CLP*2164990012009405SUP*4*810.24*0**HM*0107111370114*12*1~NM1*QC*1*CORTESDEGALINDO*NELIDA****MI*PF03624B~NM1*IL*1*CORTES DE GALINDO*NELIDA****MI*023819354E~NM1*82*1******FI*113502051~DTM*232*20121031~DTM*233*20121109~SVC*HC:T1019*101.28*0****24~DTM*472*20121031~CAS*OA*96*101.28~REF*6R*1056642001~AMT*B6*101.28~SVC*HC:T1019*101.28*0****24~DTM*472*20121101~CAS*OA*96*101.28~REF*6R*1056642002~AMT*B6*101.28~SVC*HC:T1019*101.28*0****24~DTM*472*20121102~CAS*OA*96*101.28~REF*6R*1056642003~AMT*B6*101.28~SVC*HC:T1019*101.28*0****24~DTM*472*20121105~CAS*OA*96*101.28~REF*6R*1056642004~AMT*B6*101.28~SVC*HC:T1019*101.28*0****24~DTM*472*20121106~CAS*OA*96*101.28~REF*6R*1056642005~AMT*B6*101.28~SVC*HC:T1019*101.28*0****24~DTM*472*20121107~CAS*OA*96*101.28~REF*6R*1056642006~AMT*B6*101.28~SVC*HC:T1019*101.28*0****24~DTM*472*20121108~CAS*OA*96*101.28~REF*6R*1056642007~AMT*B6*101.28~SVC*HC:T1019*101.28*0****24~DTM*472*20121109~CAS*OA*96*101.28~REF*6R*1056642008~AMT*B6*101.28~LX*58~CLP*2172890012009405SUP*4*506.4*0**HM*0107111370115*12*1~NM1*QC*1*CORTESDEGALINDO*NELIDA****MI*PF03624B~NM1*IL*1*CORTES DE GALINDO*NELIDA****MI*023819354E~NM1*82*1******FI*113502051~DTM*232*20121112~DTM*233*20121116~SVC*HC:T1019*101.28*0****24~DTM*472*20121112~CAS*OA*96*101.28~REF*6R*1056643001~AMT*B6*101.28~SVC*HC:T1019*101.28*0****24~DTM*472*20121113~CAS*OA*96*101.28~REF*6R*1056643002~AMT*B6*101.28~SVC*HC:T1019*101.28*0****24~DTM*472*20121114~CAS*OA*96*101.28~REF*6R*1056643003~AMT*B6*101.28~SVC*HC:T1019*101.28*0****24~DTM*472*20121115~CAS*OA*96*101.28~REF*6R*1056643004~AMT*B6*101.28~SVC*HC:T1019*101.28*0****24~DTM*472*20121116~CAS*OA*96*101.28~REF*6R*1056643005~AMT*B6*101.28~LX*59~CLP*2189480012009405SUP*4*911.52*0**HM*0107111370116*12*1~NM1*QC*1*CORTESDEGALINDO*NELIDA****MI*PF03624B~NM1*IL*1*CORTES DE GALINDO*NELIDA****MI*023819354E~NM1*82*1******FI*113502051~DTM*232*20121119~DTM*233*20121130~SVC*HC:T1019*101.28*0****24~DTM*472*20121119~CAS*OA*96*101.28~REF*6R*1056644001~AMT*B6*101.28~SVC*HC:T1019*101.28*0****24~DTM*472*20121120~CAS*OA*96*101.28~REF*6R*1056644002~AMT*B6*101.28~SVC*HC:T1019*101.28*0****24~DTM*472*20121121~CAS*OA*96*101.28~REF*6R*1056644003~AMT*B6*101.28~SVC*HC:T1019*101.28*0****24~DTM*472*20121123~CAS*OA*96*101.28~REF*6R*1056644004~AMT*B6*101.28~SVC*HC:T1019*101.28*0****24~DTM*472*20121126~CAS*OA*96*101.28~REF*6R*1056644005~AMT*B6*101.28~SVC*HC:T1019*101.28*0****24~DTM*472*20121127~CAS*OA*96*101.28~REF*6R*1056644006~AMT*B6*101.28~SVC*HC:T1019*101.28*0****24~DTM*472*20121128~CAS*OA*96*101.28~REF*6R*1056644007~AMT*B6*101.28~SVC*HC:T1019*101.28*0****24~DTM*472*20121129~CAS*OA*96*101.28~REF*6R*1056644008~AMT*B6*101.28~SVC*HC:T1019*101.28*0****24~DTM*472*20121130~CAS*OA*96*101.28~REF*6R*1056644009~AMT*B6*101.28~LX*60~CLP*2198590012009405SUP*4*506.4*0**HM*0107111370117*12*1~NM1*QC*1*CORTESDEGALINDO*NELIDA****MI*PF03624B~NM1*IL*1*CORTES DE GALINDO*NELIDA****MI*023819354E~NM1*82*1******FI*113502051~DTM*232*20121203~DTM*233*20121207~SVC*HC:T1019*101.28*0****24~DTM*472*20121203~CAS*OA*96*101.28~REF*6R*1056645001~AMT*B6*101.28~SVC*HC:T1019*101.28*0****24~DTM*472*20121204~CAS*OA*96*101.28~REF*6R*1056645002~AMT*B6*101.28~SVC*HC:T1019*101.28*0****24~DTM*472*20121205~CAS*OA*96*101.28~REF*6R*1056645003~AMT*B6*101.28~SVC*HC:T1019*101.28*0****24~DTM*472*20121206~CAS*OA*96*101.28~REF*6R*1056645004~AMT*B6*101.28~SVC*HC:T1019*101.28*0****24~DTM*472*20121207~CAS*OA*96*101.28~REF*6R*1056645005~AMT*B6*101.28~LX*61~CLP*2208030012009405SUP*4*506.4*0**HM*0107111370118*12*1~NM1*QC*1*CORTESDEGALINDO*NELIDA****MI*PF03624B~NM1*IL*1*CORTES DE GALINDO*NELIDA****MI*023819354E~NM1*82*1******FI*113502051~DTM*232*20121210~DTM*233*20121214~SVC*HC:T1019*101.28*0****24~DTM*472*20121210~CAS*OA*96*101.28~REF*6R*1056646001~AMT*B6*101.28~SVC*HC:T1019*101.28*0****24~DTM*472*20121211~CAS*OA*96*101.28~REF*6R*1056646002~AMT*B6*101.28~SVC*HC:T1019*101.28*0****24~DTM*472*20121212~CAS*OA*96*101.28~REF*6R*1056646003~AMT*B6*101.28~SVC*HC:T1019*101.28*0****24~DTM*472*20121213~CAS*OA*96*101.28~REF*6R*1056646004~AMT*B6*101.28~SVC*HC:T1019*101.28*0****24~DTM*472*20121214~CAS*OA*96*101.28~REF*6R*1056646005~AMT*B6*101.28~LX*62~CLP*2217100012009405SUP*4*506.4*0**HM*0107111370119*12*1~NM1*QC*1*CORTESDEGALINDO*NELIDA****MI*PF03624B~NM1*IL*1*CORTES DE GALINDO*NELIDA****MI*023819354E~NM1*82*1******FI*113502051~DTM*232*20121217~DTM*233*20121221~SVC*HC:T1019*101.28*0****24~DTM*472*20121217~CAS*OA*96*101.28~REF*6R*1056647001~AMT*B6*101.28~SVC*HC:T1019*101.28*0****24~DTM*472*20121218~CAS*OA*96*101.28~REF*6R*1056647002~AMT*B6*101.28~SVC*HC:T1019*101.28*0****24~DTM*472*20121219~CAS*OA*96*101.28~REF*6R*1056647003~AMT*B6*101.28~SVC*HC:T1019*101.28*0****24~DTM*472*20121220~CAS*OA*96*101.28~REF*6R*1056647004~AMT*B6*101.28~SVC*HC:T1019*101.28*0****24~DTM*472*20121221~CAS*OA*96*101.28~REF*6R*1056647005~AMT*B6*101.28~LX*63~CLP*2225660012009405SUP*4*405.12*0**HM*0107111370120*12*1~NM1*QC*1*CORTESDEGALINDO*NELIDA****MI*PF03624B~NM1*IL*1*CORTES DE GALINDO*NELIDA****MI*023819354E~NM1*82*1******FI*113502051~DTM*232*20121224~DTM*233*20121228~SVC*HC:T1019*101.28*0****24~DTM*472*20121224~CAS*OA*96*101.28~REF*6R*1056648001~AMT*B6*101.28~SVC*HC:T1019*101.28*0****24~DTM*472*20121226~CAS*OA*96*101.28~REF*6R*1056648002~AMT*B6*101.28~SVC*HC:T1019*101.28*0****24~DTM*472*20121227~CAS*OA*96*101.28~REF*6R*1056648003~AMT*B6*101.28~SVC*HC:T1019*101.28*0****24~DTM*472*20121228~CAS*OA*96*101.28~REF*6R*1056648004~AMT*B6*101.28~LX*64~CLP*2238580012009405SUP*4*405.12*0**HM*0107111370121*12*1~NM1*QC*1*CORTESDEGALINDO*NELIDA****MI*PF03624B~NM1*IL*1*CORTES DE GALINDO*NELIDA****MI*023819354E~NM1*82*1******FI*113502051~DTM*232*20121231~DTM*233*20130104~SVC*HC:T1019*101.28*0****24~DTM*472*20121231~CAS*OA*96*101.28~REF*6R*1056649001~AMT*B6*101.28~SVC*HC:T1019*101.28*0****24~DTM*472*20130102~CAS*OA*96*101.28~REF*6R*1056649002~AMT*B6*101.28~SVC*HC:T1019*101.28*0****24~DTM*472*20130103~CAS*OA*96*101.28~REF*6R*1056649003~AMT*B6*101.28~SVC*HC:T1019*101.28*0****24~DTM*472*20130104~CAS*OA*96*101.28~REF*6R*1056649004~AMT*B6*101.28~LX*65~CLP*2248210012009405SUP*4*506.4*0**HM*0107111370122*12*1~NM1*QC*1*CORTESDEGALINDO*NELIDA****MI*PF03624B~NM1*IL*1*CORTES DE GALINDO*NELIDA****MI*023819354E~NM1*82*1******FI*113502051~DTM*232*20130107~DTM*233*20130111~SVC*HC:T1019*101.28*0****24~DTM*472*20130107~CAS*OA*96*101.28~REF*6R*1056650001~AMT*B6*101.28~SVC*HC:T1019*101.28*0****24~DTM*472*20130108~CAS*OA*96*101.28~REF*6R*1056650002~AMT*B6*101.28~SVC*HC:T1019*101.28*0****24~DTM*472*20130109~CAS*OA*96*101.28~REF*6R*1056650003~AMT*B6*101.28~SVC*HC:T1019*101.28*0****24~DTM*472*20130110~CAS*OA*96*101.28~REF*6R*1056650004~AMT*B6*101.28~SVC*HC:T1019*101.28*0****24~DTM*472*20130111~CAS*OA*96*101.28~REF*6R*1056650005~AMT*B6*101.28~LX*66~CLP*2257820012009405SUP*4*202.56*0**HM*0107111370123*12*1~NM1*QC*1*CORTESDEGALINDO*NELIDA****MI*PF03624B~NM1*IL*1*CORTES DE GALINDO*NELIDA****MI*023819354E~NM1*82*1******FI*113502051~DTM*232*20130114~DTM*233*20130115~SVC*HC:T1019*101.28*0****24~DTM*472*20130114~CAS*OA*96*101.28~REF*6R*1056651001~AMT*B6*101.28~SVC*HC:T1019*101.28*0****24~DTM*472*20130115~CAS*OA*96*101.28~REF*6R*1056651002~AMT*B6*101.28~LX*67~CLP*2266940012009405SUP*4*810.24*0**HM*0107111370124*12*1~NM1*QC*1*CORTESDEGALINDO*NELIDA****MI*PF03624B~NM1*IL*1*CORTES DE GALINDO*NELIDA****MI*023819354E~NM1*82*1******FI*113502051~DTM*232*20130116~DTM*233*20130125~SVC*HC:T1019*101.28*0****24~DTM*472*20130116~CAS*OA*96*101.28~REF*6R*1056652001~AMT*B6*101.28~SVC*HC:T1019*101.28*0****24~DTM*472*20130117~CAS*OA*96*101.28~REF*6R*1056652002~AMT*B6*101.28~SVC*HC:T1019*101.28*0****24~DTM*472*20130118~CAS*OA*96*101.28~REF*6R*1056652003~AMT*B6*101.28~SVC*HC:T1019*101.28*0****24~DTM*472*20130121~CAS*OA*96*101.28~REF*6R*1056652004~AMT*B6*101.28~SVC*HC:T1019*101.28*0****24~DTM*472*20130122~CAS*OA*96*101.28~REF*6R*1056652005~AMT*B6*101.28~SVC*HC:T1019*101.28*0****24~DTM*472*20130123~CAS*OA*96*101.28~REF*6R*1056652006~AMT*B6*101.28~SVC*HC:T1019*101.28*0****24~DTM*472*20130124~CAS*OA*96*101.28~REF*6R*1056652007~AMT*B6*101.28~SVC*HC:T1019*101.28*0****24~DTM*472*20130125~CAS*OA*96*101.28~REF*6R*1056652008~AMT*B6*101.28~LX*68~CLP*2280730012009405SUP*4*506.4*0**HM*0107111370125*12*1~NM1*QC*1*CORTESDEGALINDO*NELIDA****MI*PF03624B~NM1*IL*1*CORTES DE GALINDO*NELIDA****MI*023819354E~NM1*82*1******FI*113502051~DTM*232*20130128~DTM*233*20130201~SVC*HC:T1019*101.28*0****24~DTM*472*20130128~CAS*OA*96*101.28~REF*6R*1056653001~AMT*B6*101.28~SVC*HC:T1019*101.28*0****24~DTM*472*20130129~CAS*OA*96*101.28~REF*6R*1056653002~AMT*B6*101.28~SVC*HC:T1019*101.28*0****24~DTM*472*20130130~CAS*OA*96*101.28~REF*6R*1056653003~AMT*B6*101.28~SVC*HC:T1019*101.28*0****24~DTM*472*20130131~CAS*OA*96*101.28~REF*6R*1056653004~AMT*B6*101.28~SVC*HC:T1019*101.28*0****24~DTM*472*20130201~CAS*OA*96*101.28~REF*6R*1056653005~AMT*B6*101.28~LX*69~CLP*2290640012009405SUP*4*506.4*0**HM*0107111370126*12*1~NM1*QC*1*CORTESDEGALINDO*NELIDA****MI*PF03624B~NM1*IL*1*CORTES DE GALINDO*NELIDA****MI*023819354E~NM1*82*1******FI*113502051~DTM*232*20130204~DTM*233*20130208~SVC*HC:T1019*101.28*0****24~DTM*472*20130204~CAS*OA*96*101.28~REF*6R*1056654001~AMT*B6*101.28~SVC*HC:T1019*101.28*0****24~DTM*472*20130205~CAS*OA*96*101.28~REF*6R*1056654002~AMT*B6*101.28~SVC*HC:T1019*101.28*0****24~DTM*472*20130206~CAS*OA*96*101.28~REF*6R*1056654003~AMT*B6*101.28~SVC*HC:T1019*101.28*0****24~DTM*472*20130207~CAS*OA*96*101.28~REF*6R*1056654004~AMT*B6*101.28~SVC*HC:T1019*101.28*0****24~DTM*472*20130208~CAS*OA*96*101.28~REF*6R*1056654005~AMT*B6*101.28~LX*70~CLP*2300050012009405SUP*4*506.4*0**HM*0107111370127*12*1~NM1*QC*1*CORTESDEGALINDO*NELIDA****MI*PF03624B~NM1*IL*1*CORTES DE GALINDO*NELIDA****MI*023819354E~NM1*82*1******FI*113502051~DTM*232*20130211~DTM*233*20130215~SVC*HC:T1019*101.28*0****24~DTM*472*20130211~CAS*OA*96*101.28~REF*6R*1056655001~AMT*B6*101.28~SVC*HC:T1019*101.28*0****24~DTM*472*20130212~CAS*OA*96*101.28~REF*6R*1056655002~AMT*B6*101.28~SVC*HC:T1019*101.28*0****24~DTM*472*20130213~CAS*OA*96*101.28~REF*6R*1056655003~AMT*B6*101.28~SVC*HC:T1019*101.28*0****24~DTM*472*20130214~CAS*OA*96*101.28~REF*6R*1056655004~AMT*B6*101.28~SVC*HC:T1019*101.28*0****24~DTM*472*20130215~CAS*OA*96*101.28~REF*6R*1056655005~AMT*B6*101.28~LX*71~CLP*2309580012009405SUP*4*506.4*0**HM*0107111370128*12*1~NM1*QC*1*CORTESDEGALINDO*NELIDA****MI*PF03624B~NM1*IL*1*CORTES DE GALINDO*NELIDA****MI*023819354E~NM1*82*1******FI*113502051~DTM*232*20130218~DTM*233*20130222~SVC*HC:T1019*101.28*0****24~DTM*472*20130218~CAS*OA*96*101.28~REF*6R*1056656001~AMT*B6*101.28~SVC*HC:T1019*101.28*0****24~DTM*472*20130219~CAS*OA*96*101.28~REF*6R*1056656002~AMT*B6*101.28~SVC*HC:T1019*101.28*0****24~DTM*472*20130220~CAS*OA*96*101.28~REF*6R*1056656003~AMT*B6*101.28~SVC*HC:T1019*101.28*0****24~DTM*472*20130221~CAS*OA*96*101.28~REF*6R*1056656004~AMT*B6*101.28~SVC*HC:T1019*101.28*0****24~DTM*472*20130222~CAS*OA*96*101.28~REF*6R*1056656005~AMT*B6*101.28~LX*72~CLP*2323280012009405SUP*4*506.4*0**HM*0107111370129*12*1~NM1*QC*1*CORTESDEGALINDO*NELIDA****MI*PF03624B~NM1*IL*1*CORTES DE GALINDO*NELIDA****MI*023819354E~NM1*82*1******FI*113502051~DTM*232*20130225~DTM*233*20130301~SVC*HC:T1019*101.28*0****24~DTM*472*20130225~CAS*OA*96*101.28~REF*6R*1056657001~AMT*B6*101.28~SVC*HC:T1019*101.28*0****24~DTM*472*20130226~CAS*OA*96*101.28~REF*6R*1056657002~AMT*B6*101.28~SVC*HC:T1019*101.28*0****24~DTM*472*20130227~CAS*OA*96*101.28~REF*6R*1056657003~AMT*B6*101.28~SVC*HC:T1019*101.28*0****24~DTM*472*20130228~CAS*OA*96*101.28~REF*6R*1056657004~AMT*B6*101.28~SVC*HC:T1019*101.28*0****24~DTM*472*20130301~CAS*OA*96*101.28~REF*6R*1056657005~AMT*B6*101.28~LX*73~CLP*2332910012009405SUP*4*202.56*0**HM*0107111370130*12*1~NM1*QC*1*CORTESDEGALINDO*NELIDA****MI*PF03624B~NM1*IL*1*CORTES DE GALINDO*NELIDA****MI*023819354E~NM1*82*1******FI*113502051~DTM*232*20130304~DTM*233*20130305~SVC*HC:T1019*101.28*0****24~DTM*472*20130304~CAS*OA*96*101.28~REF*6R*1056658001~AMT*B6*101.28~SVC*HC:T1019*101.28*0****24~DTM*472*20130305~CAS*OA*96*101.28~REF*6R*1056658002~AMT*B6*101.28~LX*74~CLP*2342450012009405SUP*4*506.4*0**HM*0107111370131*12*1~NM1*QC*1*CORTESDEGALINDO*NELIDA****MI*PF03624B~NM1*IL*1*CORTES DE GALINDO*NELIDA****MI*023819354E~NM1*82*1******FI*113502051~DTM*232*20130311~DTM*233*20130315~SVC*HC:T1019*101.28*0****24~DTM*472*20130311~CAS*OA*96*101.28~REF*6R*1056659001~AMT*B6*101.28~SVC*HC:T1019*101.28*0****24~DTM*472*20130312~CAS*OA*96*101.28~REF*6R*1056659002~AMT*B6*101.28~SVC*HC:T1019*101.28*0****24~DTM*472*20130313~CAS*OA*96*101.28~REF*6R*1056659003~AMT*B6*101.28~SVC*HC:T1019*101.28*0****24~DTM*472*20130314~CAS*OA*96*101.28~REF*6R*1056659004~AMT*B6*101.28~SVC*HC:T1019*101.28*0****24~DTM*472*20130315~CAS*OA*96*101.28~REF*6R*1056659005~AMT*B6*101.28~LX*75~CLP*2351740012009405SUP*4*506.4*0**HM*0107111370132*12*1~NM1*QC*1*CORTESDEGALINDO*NELIDA****MI*PF03624B~NM1*IL*1*CORTES DE GALINDO*NELIDA****MI*023819354E~NM1*82*1******FI*113502051~DTM*232*20130318~DTM*233*20130322~SVC*HC:T1019*101.28*0****24~DTM*472*20130318~CAS*OA*96*101.28~REF*6R*1056660001~AMT*B6*101.28~SVC*HC:T1019*101.28*0****24~DTM*472*20130319~CAS*OA*96*101.28~REF*6R*1056660002~AMT*B6*101.28~SVC*HC:T1019*101.28*0****24~DTM*472*20130320~CAS*OA*96*101.28~REF*6R*1056660003~AMT*B6*101.28~SVC*HC:T1019*101.28*0****24~DTM*472*20130321~CAS*OA*96*101.28~REF*6R*1056660004~AMT*B6*101.28~SVC*HC:T1019*101.28*0****24~DTM*472*20130322~CAS*OA*96*101.28~REF*6R*1056660005~AMT*B6*101.28~LX*76~CLP*2360970012009405SUP*4*506.4*0**HM*0107111370133*12*1~NM1*QC*1*CORTESDEGALINDO*NELIDA****MI*PF03624B~NM1*IL*1*CORTES DE GALINDO*NELIDA****MI*023819354E~NM1*82*1******FI*113502051~DTM*232*20130325~DTM*233*20130329~SVC*HC:T1019*101.28*0****24~DTM*472*20130325~CAS*OA*96*101.28~REF*6R*1056661001~AMT*B6*101.28~SVC*HC:T1019*101.28*0****24~DTM*472*20130326~CAS*OA*96*101.28~REF*6R*1056661002~AMT*B6*101.28~SVC*HC:T1019*101.28*0****24~DTM*472*20130327~CAS*OA*96*101.28~REF*6R*1056661003~AMT*B6*101.28~SVC*HC:T1019*101.28*0****24~DTM*472*20130328~CAS*OA*96*101.28~REF*6R*1056661004~AMT*B6*101.28~SVC*HC:T1019*101.28*0****24~DTM*472*20130329~CAS*OA*96*101.28~REF*6R*1056661005~AMT*B6*101.28~LX*77~CLP*2373260012009405SUP*4*506.4*0**HM*0107111370134*12*1~NM1*QC*1*CORTESDEGALINDO*NELIDA****MI*PF03624B~NM1*IL*1*CORTES DE GALINDO*NELIDA****MI*023819354E~NM1*82*1******FI*113502051~DTM*232*20130401~DTM*233*20130405~SVC*HC:T1019*101.28*0****24~DTM*472*20130401~CAS*OA*96*101.28~REF*6R*1056662001~AMT*B6*101.28~SVC*HC:T1019*101.28*0****24~DTM*472*20130402~CAS*OA*96*101.28~REF*6R*1056662002~AMT*B6*101.28~SVC*HC:T1019*101.28*0****24~DTM*472*20130403~CAS*OA*96*101.28~REF*6R*1056662003~AMT*B6*101.28~SVC*HC:T1019*101.28*0****24~DTM*472*20130404~CAS*OA*96*101.28~REF*6R*1056662004~AMT*B6*101.28~SVC*HC:T1019*101.28*0****24~DTM*472*20130405~CAS*OA*96*101.28~REF*6R*1056662005~AMT*B6*101.28~LX*78~CLP*2391960012009405SUP*4*506.4*0**HM*0107111370135*12*1~NM1*QC*1*CORTESDEGALINDO*NELIDA****MI*PF03624B~NM1*IL*1*CORTES DE GALINDO*NELIDA****MI*023819354E~NM1*82*1******FI*113502051~DTM*232*20130415~DTM*233*20130419~SVC*HC:T1019*101.28*0****24~DTM*472*20130415~CAS*OA*96*101.28~REF*6R*1056663001~AMT*B6*101.28~SVC*HC:T1019*101.28*0****24~DTM*472*20130416~CAS*OA*96*101.28~REF*6R*1056663002~AMT*B6*101.28~SVC*HC:T1019*101.28*0****24~DTM*472*20130417~CAS*OA*96*101.28~REF*6R*1056663003~AMT*B6*101.28~SVC*HC:T1019*101.28*0****24~DTM*472*20130418~CAS*OA*96*101.28~REF*6R*1056663004~AMT*B6*101.28~SVC*HC:T1019*101.28*0****24~DTM*472*20130419~CAS*OA*96*101.28~REF*6R*1056663005~AMT*B6*101.28~LX*79~CLP*2415140012009405SUP*4*506.4*0**HM*0107111370136*12*1~NM1*QC*1*CORTESDEGALINDO*NELIDA****MI*PF03624B~NM1*IL*1*CORTES DE GALINDO*NELIDA****MI*023819354E~NM1*82*1******FI*113502051~DTM*232*20130422~DTM*233*20130426~SVC*HC:T1019*101.28*0****24~DTM*472*20130422~CAS*OA*96*101.28~REF*6R*1056664001~AMT*B6*101.28~SVC*HC:T1019*101.28*0****24~DTM*472*20130423~CAS*OA*96*101.28~REF*6R*1056664002~AMT*B6*101.28~SVC*HC:T1019*101.28*0****24~DTM*472*20130424~CAS*OA*96*101.28~REF*6R*1056664003~AMT*B6*101.28~SVC*HC:T1019*101.28*0****24~DTM*472*20130425~CAS*OA*96*101.28~REF*6R*1056664004~AMT*B6*101.28~SVC*HC:T1019*101.28*0****24~DTM*472*20130426~CAS*OA*96*101.28~REF*6R*1056664005~AMT*B6*101.28~LX*80~CLP*2424970012009405SUP*4*1012.8*0**HM*0107111370137*12*1~NM1*QC*1*CORTESDEGALINDO*NELIDA****MI*PF03624B~NM1*IL*1*CORTES DE GALINDO*NELIDA****MI*023819354E~NM1*82*1******FI*113502051~DTM*232*20130429~DTM*233*20130510~SVC*HC:T1019*101.28*0****24~DTM*472*20130429~CAS*OA*96*101.28~REF*6R*1056665001~AMT*B6*101.28~SVC*HC:T1019*101.28*0****24~DTM*472*20130430~CAS*OA*96*101.28~REF*6R*1056665002~AMT*B6*101.28~SVC*HC:T1019*101.28*0****24~DTM*472*20130501~CAS*OA*96*101.28~REF*6R*1056665003~AMT*B6*101.28~SVC*HC:T1019*101.28*0****24~DTM*472*20130502~CAS*OA*96*101.28~REF*6R*1056665004~AMT*B6*101.28~SVC*HC:T1019*101.28*0****24~DTM*472*20130503~CAS*OA*96*101.28~REF*6R*1056665005~AMT*B6*101.28~SVC*HC:T1019*101.28*0****24~DTM*472*20130506~CAS*OA*96*101.28~REF*6R*1056665006~AMT*B6*101.28~SVC*HC:T1019*101.28*0****24~DTM*472*20130507~CAS*OA*96*101.28~REF*6R*1056665007~AMT*B6*101.28~SVC*HC:T1019*101.28*0****24~DTM*472*20130508~CAS*OA*96*101.28~REF*6R*1056665008~AMT*B6*101.28~SVC*HC:T1019*101.28*0****24~DTM*472*20130509~CAS*OA*96*101.28~REF*6R*1056665009~AMT*B6*101.28~SVC*HC:T1019*101.28*0****24~DTM*472*20130510~CAS*OA*96*101.28~REF*6R*1056665010~AMT*B6*101.28~LX*81~CLP*2434210012009405SUP*4*506.4*0**HM*0107111370138*12*1~NM1*QC*1*CORTESDEGALINDO*NELIDA****MI*PF03624B~NM1*IL*1*CORTES DE GALINDO*NELIDA****MI*023819354E~NM1*82*1******FI*113502051~DTM*232*20130513~DTM*233*20130517~SVC*HC:T1019*101.28*0****24~DTM*472*20130513~CAS*OA*96*101.28~REF*6R*1056666001~AMT*B6*101.28~SVC*HC:T1019*101.28*0****24~DTM*472*20130514~CAS*OA*96*101.28~REF*6R*1056666002~AMT*B6*101.28~SVC*HC:T1019*101.28*0****24~DTM*472*20130515~CAS*OA*96*101.28~REF*6R*1056666003~AMT*B6*101.28~SVC*HC:T1019*101.28*0****24~DTM*472*20130516~CAS*OA*96*101.28~REF*6R*1056666004~AMT*B6*101.28~SVC*HC:T1019*101.28*0****24~DTM*472*20130517~CAS*OA*96*101.28~REF*6R*1056666005~AMT*B6*101.28~LX*82~CLP*2443220012009405SUP*4*202.56*0**HM*0107111370139*12*1~NM1*QC*1*CORTESDEGALINDO*NELIDA****MI*PF03624B~NM1*IL*1*CORTES DE GALINDO*NELIDA****MI*023819354E~NM1*82*1******FI*113502051~DTM*232*20130520~DTM*233*20130521~SVC*HC:T1019*101.28*0****24~DTM*472*20130520~CAS*OA*96*101.28~REF*6R*1056667001~AMT*B6*101.28~SVC*HC:T1019*101.28*0****24~DTM*472*20130521~CAS*OA*96*101.28~REF*6R*1056667002~AMT*B6*101.28~LX*83~CLP*2452440012009405SUP*4*607.68*0**HM*0107111370140*12*1~NM1*QC*1*CORTESDEGALINDO*NELIDA****MI*PF03624B~NM1*IL*1*CORTES DE GALINDO*NELIDA****MI*023819354E~NM1*82*1******FI*113502051~DTM*232*20130523~DTM*233*20130531~SVC*HC:T1019*101.28*0****24~DTM*472*20130523~CAS*OA*96*101.28~REF*6R*1056668001~AMT*B6*101.28~SVC*HC:T1019*101.28*0****24~DTM*472*20130527~CAS*OA*96*101.28~REF*6R*1056668002~AMT*B6*101.28~SVC*HC:T1019*101.28*0****24~DTM*472*20130528~CAS*OA*96*101.28~REF*6R*1056668003~AMT*B6*101.28~SVC*HC:T1019*101.28*0****24~DTM*472*20130529~CAS*OA*96*101.28~REF*6R*1056668004~AMT*B6*101.28~SVC*HC:T1019*101.28*0****24~DTM*472*20130530~CAS*OA*96*101.28~REF*6R*1056668005~AMT*B6*101.28~SVC*HC:T1019*101.28*0****24~DTM*472*20130531~CAS*OA*96*101.28~REF*6R*1056668006~AMT*B6*101.28~LX*84~CLP*2461820012009405SUP*4*405.12*0**HM*0107111370141*12*1~NM1*QC*1*CORTESDEGALINDO*NELIDA****MI*PF03624B~NM1*IL*1*CORTES DE GALINDO*NELIDA****MI*023819354E~NM1*82*1******FI*113502051~DTM*232*20130603~DTM*233*20130607~SVC*HC:T1019*101.28*0****24~DTM*472*20130603~CAS*OA*96*101.28~REF*6R*1056669001~AMT*B6*101.28~SVC*HC:T1019*101.28*0****24~DTM*472*20130605~CAS*OA*96*101.28~REF*6R*1056669002~AMT*B6*101.28~SVC*HC:T1019*101.28*0****24~DTM*472*20130606~CAS*OA*96*101.28~REF*6R*1056669003~AMT*B6*101.28~SVC*HC:T1019*101.28*0****24~DTM*472*20130607~CAS*OA*96*101.28~REF*6R*1056669004~AMT*B6*101.28~LX*85~CLP*2479400012009405SUP*4*1012.8*0**HM*0107111370142*12*1~NM1*QC*1*CORTESDEGALINDO*NELIDA****MI*PF03624B~NM1*IL*1*CORTES DE GALINDO*NELIDA****MI*023819354E~NM1*82*1******FI*113502051~DTM*232*20130610~DTM*233*20130621~SVC*HC:T1019*101.28*0****24~DTM*472*20130610~CAS*OA*96*101.28~REF*6R*1056670001~AMT*B6*101.28~SVC*HC:T1019*101.28*0****24~DTM*472*20130611~CAS*OA*96*101.28~REF*6R*1056670002~AMT*B6*101.28~SVC*HC:T1019*101.28*0****24~DTM*472*20130612~CAS*OA*96*101.28~REF*6R*1056670003~AMT*B6*101.28~SVC*HC:T1019*101.28*0****24~DTM*472*20130613~CAS*OA*96*101.28~REF*6R*1056670004~AMT*B6*101.28~SVC*HC:T1019*101.28*0****24~DTM*472*20130614~CAS*OA*96*101.28~REF*6R*1056670005~AMT*B6*101.28~SVC*HC:T1019*101.28*0****24~DTM*472*20130617~CAS*OA*96*101.28~REF*6R*1056670006~AMT*B6*101.28~SVC*HC:T1019*101.28*0****24~DTM*472*20130618~CAS*OA*96*101.28~REF*6R*1056670007~AMT*B6*101.28~SVC*HC:T1019*101.28*0****24~DTM*472*20130619~CAS*OA*96*101.28~REF*6R*1056670008~AMT*B6*101.28~SVC*HC:T1019*101.28*0****24~DTM*472*20130620~CAS*OA*96*101.28~REF*6R*1056670009~AMT*B6*101.28~SVC*HC:T1019*101.28*0****24~DTM*472*20130621~CAS*OA*96*101.28~REF*6R*1056670010~AMT*B6*101.28~SE*2640*0001~GE*1*1~IEA*1*004602350~