ISA*00*          *00*          *ZZ*133052274      *ZZ*223389595      *130718*0828*U*00401*004475553*0*P*:~GS*HP*133052274*223389595*20130718*0828*1*X*004010X091A1~ST*835*0001~BPR*I*3606.65*C*CHK************20130717~TRN*1*460673*1234567893*77073~DTM*405*20130717~N1*PR*TMG HEALTHCARE~N3*201 LACKAWANNA AVENUE~N4*SCRANTON*PA*18503~REF*2U*77073~N1*PE*SUNNYSIDE CITYWIDE HOME CARE SVCS*XX*1154407492~N3*43-31 39TH ST~N4*SUNNYSIDE*NY*11104~REF*TJ*113502051~LX*1~CLP*2173890012010958SUP*22*-600.6*0**MB*123320683601~CAS*CR*97*-600.6~NM1*QC*1*KARASSAVIDES*ARISTOTELE****MI*V80041904~DTM*232*20121112~DTM*233*20121116~DTM*050*20121121~AMT*AU*600.6~AMT*I*41.86~QTY*CA*140~SVC*HC:T1019*-120.12*-120.12**28~DTM*472*20121112~SVC*HC:T1019*-120.12*-120.12**28~DTM*472*20121113~SVC*HC:T1019*-120.12*-120.12**28~DTM*472*20121114~SVC*HC:T1019*-120.12*-120.12**28~DTM*472*20121115~SVC*HC:T1019*-120.12*-120.12**28~DTM*472*20121116~CLP*2182060012010958SUP*22*-600.6*0**MB*123380568101~CAS*CR*97*-600.6~NM1*QC*1*KARASSAVIDES*ARISTOTELE****MI*V80041904~DTM*232*20121119~DTM*233*20121123~DTM*050*20121130~AMT*AU*600.6~AMT*I*40.09~QTY*CA*140~SVC*HC:T1019*-120.12*-120.12**28~DTM*472*20121119~SVC*HC:T1019*-120.12*-120.12**28~DTM*472*20121120~SVC*HC:T1019*-120.12*-120.12**28~DTM*472*20121121~SVC*HC:T1019*-120.12*-120.12**28~DTM*472*20121122~SVC*HC:T1019*-120.12*-120.12**28~DTM*472*20121123~CLP*2190480012010958SUP*22*-600.6*0**MB*123430512601~CAS*CR*97*-600.6~NM1*QC*1*KARASSAVIDES*ARISTOTELE****MI*V80041904~DTM*232*20121126~DTM*233*20121130~DTM*050*20121206~AMT*AU*600.6~AMT*I*38.9~QTY*CA*140~SVC*HC:T1019*-120.12*-120.12**28~DTM*472*20121126~SVC*HC:T1019*-120.12*-120.12**28~DTM*472*20121127~SVC*HC:T1019*-120.12*-120.12**28~DTM*472*20121128~SVC*HC:T1019*-120.12*-120.12**28~DTM*472*20121129~SVC*HC:T1019*-120.12*-120.12**28~DTM*472*20121130~CLP*2132630012010958SUP*22*-600.6*0**MB*122930187201~CAS*CR*97*-600.6~NM1*QC*1*KARASSAVIDES*ARISTOTELE****MI*V80041904~DTM*232*20121008~DTM*233*20121012~DTM*050*20121018~AMT*AU*600.6~AMT*I*48.58~QTY*CA*140~SVC*HC:T1019*-120.12*-120.12**28~DTM*472*20121008~SVC*HC:T1019*-120.12*-120.12**28~DTM*472*20121009~SVC*HC:T1019*-120.12*-120.12**28~DTM*472*20121010~SVC*HC:T1019*-120.12*-120.12**28~DTM*472*20121011~SVC*HC:T1019*-120.12*-120.12**28~DTM*472*20121012~CLP*2140430012010958SUP*22*-600.6*0**MB*123000236101~CAS*CR*97*-600.6~NM1*QC*1*KARASSAVIDES*ARISTOTELE****MI*V80041904~DTM*232*20121015~DTM*233*20121019~DTM*050*20121025~AMT*AU*600.6~AMT*I*47.2~QTY*CA*140~SVC*HC:T1019*-120.12*-120.12**28~DTM*472*20121015~SVC*HC:T1019*-120.12*-120.12**28~DTM*472*20121016~SVC*HC:T1019*-120.12*-120.12**28~DTM*472*20121017~SVC*HC:T1019*-120.12*-120.12**28~DTM*472*20121018~SVC*HC:T1019*-120.12*-120.12**28~DTM*472*20121019~CLP*2157860012010958SUP*22*-360.36*0**MB*123140075701~CAS*CR*97*-360.36~NM1*QC*1*KARASSAVIDES*ARISTOTELE****MI*V80041904~DTM*232*20121031~DTM*233*20121102~DTM*050*20121108~AMT*AU*360.36~AMT*I*26.66~QTY*CA*84~SVC*HC:T1019*-120.12*-120.12**28~DTM*472*20121031~SVC*HC:T1019*-120.12*-120.12**28~DTM*472*20121101~SVC*HC:T1019*-120.12*-120.12**28~DTM*472*20121102~CLP*2173890012010958SUP*1*600.6*600.6**MB*123320683601~NM1*QC*1*KARASSAVIDES*ARISTOTELE****MI*V80041904~DTM*232*20121112~DTM*233*20121116~DTM*050*20121121~AMT*AU*600.6~AMT*I*41.86~QTY*CA*140~SVC*HC:T1019*120.12*120.12**28~DTM*472*20121112~SVC*HC:T1019*120.12*120.12**28~DTM*472*20121113~SVC*HC:T1019*120.12*120.12**28~DTM*472*20121114~SVC*HC:T1019*120.12*120.12**28~DTM*472*20121115~SVC*HC:T1019*120.12*120.12**28~DTM*472*20121116~CLP*2182060012010958SUP*1*600.6*600.6**MB*123380568101~NM1*QC*1*KARASSAVIDES*ARISTOTELE****MI*V80041904~DTM*232*20121119~DTM*233*20121123~DTM*050*20121130~AMT*AU*600.6~AMT*I*40.09~QTY*CA*140~SVC*HC:T1019*120.12*120.12**28~DTM*472*20121119~SVC*HC:T1019*120.12*120.12**28~DTM*472*20121120~SVC*HC:T1019*120.12*120.12**28~DTM*472*20121121~SVC*HC:T1019*120.12*120.12**28~DTM*472*20121122~SVC*HC:T1019*120.12*120.12**28~DTM*472*20121123~CLP*2190480012010958SUP*1*600.6*600.6**MB*123430512601~NM1*QC*1*KARASSAVIDES*ARISTOTELE****MI*V80041904~DTM*232*20121126~DTM*233*20121130~DTM*050*20121206~AMT*AU*600.6~AMT*I*38.9~QTY*CA*140~SVC*HC:T1019*120.12*120.12**28~DTM*472*20121126~SVC*HC:T1019*120.12*120.12**28~DTM*472*20121127~SVC*HC:T1019*120.12*120.12**28~DTM*472*20121128~SVC*HC:T1019*120.12*120.12**28~DTM*472*20121129~SVC*HC:T1019*120.12*120.12**28~DTM*472*20121130~CLP*2132630012010958SUP*1*600.6*600.6**MB*122930187201~NM1*QC*1*KARASSAVIDES*ARISTOTELE****MI*V80041904~DTM*232*20121008~DTM*233*20121012~DTM*050*20121018~AMT*AU*600.6~AMT*I*48.58~QTY*CA*140~SVC*HC:T1019*120.12*120.12**28~DTM*472*20121008~SVC*HC:T1019*120.12*120.12**28~DTM*472*20121009~SVC*HC:T1019*120.12*120.12**28~DTM*472*20121010~SVC*HC:T1019*120.12*120.12**28~DTM*472*20121011~SVC*HC:T1019*120.12*120.12**28~DTM*472*20121012~CLP*2140430012010958SUP*1*600.6*600.6**MB*123000236101~NM1*QC*1*KARASSAVIDES*ARISTOTELE****MI*V80041904~DTM*232*20121015~DTM*233*20121019~DTM*050*20121025~AMT*AU*600.6~AMT*I*47.2~QTY*CA*140~SVC*HC:T1019*120.12*120.12**28~DTM*472*20121015~SVC*HC:T1019*120.12*120.12**28~DTM*472*20121016~SVC*HC:T1019*120.12*120.12**28~DTM*472*20121017~SVC*HC:T1019*120.12*120.12**28~DTM*472*20121018~SVC*HC:T1019*120.12*120.12**28~DTM*472*20121019~CLP*2157860012010958SUP*1*360.36*360.36**MB*123140075701~NM1*QC*1*KARASSAVIDES*ARISTOTELE****MI*V80041904~DTM*232*20121031~DTM*233*20121102~DTM*050*20121108~AMT*AU*360.36~AMT*I*26.66~QTY*CA*84~SVC*HC:T1019*120.12*120.12**28~DTM*472*20121031~SVC*HC:T1019*120.12*120.12**28~DTM*472*20121101~SVC*HC:T1019*120.12*120.12**28~DTM*472*20121102~PLB*113502051*20131231*L6*-243.29~SE*229*0001~GE*1*1~IEA*1*004475553~