ISA*00*          *00*          *ZZ*133052274      *ZZ*223389595      *130718*0828*U*00401*004475554*0*P*:~GS*HP*133052274*223389595*20130718*0828*1*X*004010X091A1~ST*835*0001~BPR*I*3849.46*C*CHK************20130717~TRN*1*460674*1234567893*77073~DTM*405*20130717~N1*PR*TMG HEALTHCARE~N3*201 LACKAWANNA AVENUE~N4*SCRANTON*PA*18503~REF*2U*77073~N1*PE*SUNNYSIDE CITYWIDE HOME CARE SVCS*XX*1154407492~N3*43-31 39TH ST~N4*LONG ISLAND CITY*NY*11104~REF*TJ*113502051~LX*1~CLP*2165970012010958SUP*22*-600.6*0**MB*123210106601~CAS*CR*97*-600.6~NM1*QC*1*KARASSAVIDES*ARISTOTELE****MI*V80041904~DTM*232*20121105~DTM*233*20121109~DTM*050*20121115~AMT*AU*600.6~AMT*I*43.05~QTY*CA*140~SVC*HC:T1019*-120.12*-120.12**28~DTM*472*20121105~SVC*HC:T1019*-120.12*-120.12**28~DTM*472*20121106~SVC*HC:T1019*-120.12*-120.12**28~DTM*472*20121107~SVC*HC:T1019*-120.12*-120.12**28~DTM*472*20121108~SVC*HC:T1019*-120.12*-120.12**28~DTM*472*20121109~CLP*2147350012010958SUP*22*-600.6*0**MB*123100512101~CAS*CR*97*-600.6~NM1*QC*1*KARASSAVIDES*ARISTOTELE****MI*V80041904~DTM*232*20121022~DTM*233*20121026~DTM*050*20121101~AMT*AU*600.6~AMT*I*45.81~QTY*CA*140~SVC*HC:T1019*-120.12*-120.12**28~DTM*472*20121022~SVC*HC:T1019*-120.12*-120.12**28~DTM*472*20121023~SVC*HC:T1019*-120.12*-120.12**28~DTM*472*20121024~SVC*HC:T1019*-120.12*-120.12**28~DTM*472*20121025~SVC*HC:T1019*-120.12*-120.12**28~DTM*472*20121026~CLP*2199660012010958SUP*22*-600.6*0**MB*123490358401~CAS*CR*97*-600.6~NM1*QC*1*KARASSAVIDES*ARISTOTELE****MI*V80041904~DTM*232*20121203~DTM*233*20121207~DTM*050*20121213~AMT*AU*600.6~AMT*I*37.52~QTY*CA*140~SVC*HC:T1019*-120.12*-120.12**28~DTM*472*20121203~SVC*HC:T1019*-120.12*-120.12**28~DTM*472*20121204~SVC*HC:T1019*-120.12*-120.12**28~DTM*472*20121205~SVC*HC:T1019*-120.12*-120.12**28~DTM*472*20121206~SVC*HC:T1019*-120.12*-120.12**28~DTM*472*20121207~CLP*2218340012010958SUP*22*-600.6*0**MB*123650189102~CAS*CR*97*-600.6~NM1*QC*1*KARASSAVIDES*ARISTOTELE****MI*V80041904~DTM*232*20121217~DTM*233*20121219~DTM*050*20121227~AMT*AU*360.36~AMT*I*20.86~QTY*CA*84~SVC*HC:T1019*-120.12*-120.12**28~DTM*472*20121217~SVC*HC:T1019*-120.12*-120.12**28~DTM*472*20121218~SVC*HC:T1019*-120.12*-120.12**28~DTM*472*20121219~SVC*HC:T1019*-120.12*-120.12~DTM*472*20121217~SVC*HC:T1019*-120.12*-120.12~DTM*472*20121217~CLP*2218340012010958SUP*22*-240.24*0**MB*123650189103~CAS*CR*97*-240.24~NM1*QC*1*KARASSAVIDES*ARISTOTELE****MI*V80041904~DTM*232*20121220~DTM*233*20121221~DTM*050*20121227~AMT*AU*240.24~AMT*I*13.91~QTY*CA*2~SVC*HC:T1019*-120.12*-120.12**1~DTM*472*20121220~SVC*HC:T1019*-120.12*-120.12**1~DTM*472*20121221~CLP*2226910012010958SUP*22*-600.6*0**MB*130050153801~CAS*CR*97*-600.6~NM1*QC*1*KARASSAVIDES*ARISTOTELE****MI*V80041904~DTM*232*20121224~DTM*233*20121228~DTM*050*20130103~AMT*AU*600.6~AMT*I*33.37~QTY*CA*140~SVC*HC:T1019*-120.12*-120.12**28~DTM*472*20121224~SVC*HC:T1019*-120.12*-120.12**28~DTM*472*20121225~SVC*HC:T1019*-120.12*-120.12**28~DTM*472*20121226~SVC*HC:T1019*-120.12*-120.12**28~DTM*472*20121227~SVC*HC:T1019*-120.12*-120.12**28~DTM*472*20121228~CLP*2115300012010958SUP*22*-600.6*0**MB*122790139501~CAS*CR*97*-600.6~NM1*QC*1*KARASSAVIDES*ARISTOTELE****MI*V80041904~DTM*232*20120921~DTM*233*20120928~DTM*050*20121004~AMT*AU*600.6~AMT*I*51.34~QTY*CA*140~SVC*HC:T1019*-120.12*-120.12**28~DTM*472*20120921~SVC*HC:T1019*-120.12*-120.12**28~DTM*472*20120924~SVC*HC:T1019*-120.12*-120.12**28~DTM*472*20120925~SVC*HC:T1019*-120.12*-120.12**28~DTM*472*20120927~SVC*HC:T1019*-120.12*-120.12**28~DTM*472*20120928~CLP*2165970012010958SUP*1*600.6*600.6**MB*123210106601~NM1*QC*1*KARASSAVIDES*ARISTOTELE****MI*V80041904~DTM*232*20121105~DTM*233*20121109~DTM*050*20121115~AMT*AU*600.6~AMT*I*43.05~QTY*CA*140~SVC*HC:T1019*120.12*120.12**28~DTM*472*20121105~SVC*HC:T1019*120.12*120.12**28~DTM*472*20121106~SVC*HC:T1019*120.12*120.12**28~DTM*472*20121107~SVC*HC:T1019*120.12*120.12**28~DTM*472*20121108~SVC*HC:T1019*120.12*120.12**28~DTM*472*20121109~CLP*2147350012010958SUP*1*600.6*600.6**MB*123100512101~NM1*QC*1*KARASSAVIDES*ARISTOTELE****MI*V80041904~DTM*232*20121022~DTM*233*20121026~DTM*050*20121101~AMT*AU*600.6~AMT*I*45.81~QTY*CA*140~SVC*HC:T1019*120.12*120.12**28~DTM*472*20121022~SVC*HC:T1019*120.12*120.12**28~DTM*472*20121023~SVC*HC:T1019*120.12*120.12**28~DTM*472*20121024~SVC*HC:T1019*120.12*120.12**28~DTM*472*20121025~SVC*HC:T1019*120.12*120.12**28~DTM*472*20121026~CLP*2199660012010958SUP*1*600.6*600.6**MB*123490358401~NM1*QC*1*KARASSAVIDES*ARISTOTELE****MI*V80041904~DTM*232*20121203~DTM*233*20121207~DTM*050*20121213~AMT*AU*600.6~AMT*I*37.52~QTY*CA*140~SVC*HC:T1019*120.12*120.12**28~DTM*472*20121203~SVC*HC:T1019*120.12*120.12**28~DTM*472*20121204~SVC*HC:T1019*120.12*120.12**28~DTM*472*20121205~SVC*HC:T1019*120.12*120.12**28~DTM*472*20121206~SVC*HC:T1019*120.12*120.12**28~DTM*472*20121207~CLP*2218340012010958SUP*1*600.6*360.36**MB*123650189102~NM1*QC*1*KARASSAVIDES*ARISTOTELE****MI*V80041904~DTM*232*20121217~DTM*233*20121219~DTM*050*20121227~AMT*AU*360.36~AMT*I*20.86~QTY*CA*84~SVC*HC:T1019*120.12*120.12**28~DTM*472*20121217~SVC*HC:T1019*120.12*120.12**28~DTM*472*20121218~SVC*HC:T1019*120.12*120.12**28~DTM*472*20121219~SVC*HC:T1019*120.12*0~DTM*472*20121217~CAS*OA*16*120.12*1~LQ*HE*N29~SVC*HC:T1019*120.12*0~DTM*472*20121217~CAS*OA*16*120.12*1~LQ*HE*N29~CLP*2218340012010958SUP*1*240.24*240.24**MB*123650189103~NM1*QC*1*KARASSAVIDES*ARISTOTELE****MI*V80041904~DTM*232*20121220~DTM*233*20121221~DTM*050*20121227~AMT*AU*240.24~AMT*I*13.91~QTY*CA*2~SVC*HC:T1019*120.12*120.12**1~DTM*472*20121220~SVC*HC:T1019*120.12*120.12**1~DTM*472*20121221~CLP*2226910012010958SUP*1*600.6*600.6**MB*130050153801~NM1*QC*1*KARASSAVIDES*ARISTOTELE****MI*V80041904~DTM*232*20121224~DTM*233*20121228~DTM*050*20130103~AMT*AU*600.6~AMT*I*33.37~QTY*CA*140~SVC*HC:T1019*120.12*120.12**28~DTM*472*20121224~SVC*HC:T1019*120.12*120.12**28~DTM*472*20121225~SVC*HC:T1019*120.12*120.12**28~DTM*472*20121226~SVC*HC:T1019*120.12*120.12**28~DTM*472*20121227~SVC*HC:T1019*120.12*120.12**28~DTM*472*20121228~CLP*2115300012010958SUP*1*600.6*600.6**MB*122790139501~NM1*QC*1*KARASSAVIDES*ARISTOTELE****MI*V80041904~DTM*232*20120921~DTM*233*20120928~DTM*050*20121004~AMT*AU*600.6~AMT*I*51.34~QTY*CA*140~SVC*HC:T1019*120.12*120.12**28~DTM*472*20120921~SVC*HC:T1019*120.12*120.12**28~DTM*472*20120924~SVC*HC:T1019*120.12*120.12**28~DTM*472*20120925~SVC*HC:T1019*120.12*120.12**28~DTM*472*20120927~SVC*HC:T1019*120.12*120.12**28~DTM*472*20120928~PLB*113502051*20131231*L6*-245.86~SE*266*0001~GE*1*1~IEA*1*004475554~